<?xml version="1.0" encoding="UTF-8"?>
<!DOCTYPE html PUBLIC "-//W3C//DTD XHTML 1.0 Transitional//EN"
    "http://www.w3.org/TR/xhtml1/DTD/xhtml1-transitional.dtd">
<html xmlns="http://www.w3.org/1999/xhtml" xml:lang="en" lang="en">
 <head>
  <title>
</title>
<meta http-equiv="Content-Type" content="text/html;charset=utf-8" />
  <meta name='ocr-system' content='tesseract 3.04.00' />
  <meta name='ocr-capabilities' content='ocr_page ocr_carea ocr_par ocr_line ocrx_word'/>
</head>
<body>
  <div class='ocr_page' id='page_1' title='image "./codexjurismunic00genggoog/codexjurismunic00genggoog_0300.png"; bbox 0 0 3548 5826; ppageno 0'>
   <div class='ocr_carea' id='block_1_1' title="bbox 682 319 1586 401">
    <p class='ocr_par' dir='ltr' id='par_1_1' title="bbox 682 319 1586 401">
     <span class='ocr_line' id='line_1_1' title="bbox 682 319 1586 401; baseline 0.009 -19"><span class='ocrx_word' id='word_1_1' title='bbox 682 323 883 401; x_wconf 59' lang='lat' dir='ltr'><strong>bramberg.</strong></span> <span class='ocrx_word' id='word_1_2' title='bbox 1348 360 1350 365; x_wconf 94' lang='lat'>·</span> <span class='ocrx_word' id='word_1_3' title='bbox 1524 319 1586 392; x_wconf 80' lang='lat'><strong>281</strong></span> 
     </span>
    </p>
   </div>
   <div class='ocr_carea' id='block_1_2' title="bbox 70 481 1637 5135">
    <p class='ocr_par' dir='ltr' id='par_1_2' title="bbox 799 481 1587 563">
     <span class='ocr_line' id='line_1_2' title="bbox 799 481 1587 563; baseline 0 -19"><span class='ocrx_word' id='word_1_4' title='bbox 799 484 913 551; x_wconf 70' lang='lat' dir='ltr'><strong>civitati</strong></span> <span class='ocrx_word' id='word_1_5' title='bbox 925 481 1087 562; x_wconf 76' lang='lat' dir='ltr'><strong>ediscenti,</strong></span> <span class='ocrx_word' id='word_1_6' title='bbox 1100 501 1191 563; x_wconf 90' lang='lat' dir='ltr'><strong>quam</strong></span> <span class='ocrx_word' id='word_1_7' title='bbox 1204 481 1358 559; x_wconf 85' lang='lat' dir='ltr'><strong>lucebunt,</strong></span> <span class='ocrx_word' id='word_1_8' title='bbox 1371 488 1491 545; x_wconf 92' lang='lat' dir='ltr'><strong>sextum</strong></span> <span class='ocrx_word' id='word_1_9' title='bbox 1503 502 1587 544; x_wconf 93' lang='lat' dir='ltr'><strong>man·</strong></span> 
     </span>
    </p>

    <p class='ocr_par' dir='ltr' id='par_1_3' title="bbox 70 558 1588 732">
     <span class='ocr_line' id='line_1_3' title="bbox 70 558 1588 648; baseline 0 -21"><span class='ocrx_word' id='word_1_10' title='bbox 70 558 131 620; x_wconf 68' lang='lat' dir='ltr'><strong>llll·</strong></span> <span class='ocrx_word' id='word_1_11' title='bbox 250 559 463 648; x_wconf 77' lang='lat' dir='ltr'><strong>Braunsbsrg.</strong></span> <span class='ocrx_word' id='word_1_12' title='bbox 798 587 864 632; x_wconf 88' lang='lat' dir='ltr'><strong>sum</strong></span> <span class='ocrx_word' id='word_1_13' title='bbox 883 565 1013 631; x_wconf 69' lang='lat' dir='ltr'><strong>liberum,</strong></span> <span class='ocrx_word' id='word_1_14' title='bbox 1022 573 1054 627; x_wconf 92' lang='lat' dir='ltr'><strong>et</strong></span> <span class='ocrx_word' id='word_1_15' title='bbox 1070 566 1278 629; x_wconf 79' lang='lat' dir='ltr'><strong>molendinum</strong></span> <span class='ocrx_word' id='word_1_16' title='bbox 1296 565 1424 627; x_wconf 92' lang='lat' dir='ltr'><strong>liberum</strong></span> <span class='ocrx_word' id='word_1_17' title='bbox 1438 585 1506 626; x_wconf 88' lang='lat' dir='ltr'><strong>oum</strong></span> <span class='ocrx_word' id='word_1_18' title='bbox 1518 566 1588 628; x_wconf 91' lang='lat' dir='ltr'><strong>sola</strong></span> 
     </span>
     <span class='ocr_line' id='line_1_4' title="bbox 215 648 1585 732; baseline -0.008 -11"><span class='ocrx_word' id='word_1_19' title='bbox 215 679 378 732; x_wconf 66' lang='lat' dir='ltr'><strong>(ommes,</strong></span> <span class='ocrx_word' id='word_1_20' title='bbox 394 681 503 731; x_wconf 66' lang='grc' dir='ltr'>ιιιιηη.)</span> <span class='ocrx_word' id='word_1_21' title='bbox 797 660 866 714; x_wconf 82' lang='grc' dir='ltr'>ιοιιι</span> <span class='ocrx_word' id='word_1_22' title='bbox 877 649 994 711; x_wconf 91' lang='lat' dir='ltr'><strong>molari.</strong></span> <span class='ocrx_word' id='word_1_23' title='bbox 1004 650 1125 710; x_wconf 80' lang='lat' dir='ltr'><strong>Debent</strong></span> <span class='ocrx_word' id='word_1_24' title='bbox 1134 651 1226 711; x_wconf 90' lang='lat' dir='ltr'><strong>etiam</strong></span> <span class='ocrx_word' id='word_1_25' title='bbox 1233 648 1371 712; x_wconf 90' lang='lat' dir='ltr'><strong>obtinere</strong></span> <span class='ocrx_word' id='word_1_26' title='bbox 1381 650 1439 710; x_wconf 93' lang='lat' dir='ltr'><strong>mei</strong></span> <span class='ocrx_word' id='word_1_27' title='bbox 1448 651 1531 710; x_wconf 84' lang='lat' dir='ltr'><strong>cives</strong></span> <span class='ocrx_word' id='word_1_28' title='bbox 1545 649 1585 710; x_wconf 93' lang='lat' dir='ltr'><strong>ad</strong></span> 
     </span>
    </p>

    <p class='ocr_par' dir='ltr' id='par_1_4' title="bbox 70 731 1584 2725">
     <span class='ocr_line' id='line_1_5' title="bbox 797 731 1584 815; baseline -0.001 -21"><span class='ocrx_word' id='word_1_29' title='bbox 797 752 912 815; x_wconf 87' lang='lat' dir='ltr'><strong>pascua</strong></span> <span class='ocrx_word' id='word_1_30' title='bbox 931 752 1078 815; x_wconf 90' lang='lat' dir='ltr'><strong>pecorum</strong></span> <span class='ocrx_word' id='word_1_31' title='bbox 1101 752 1207 794; x_wconf 91' lang='lat' dir='ltr'><strong>eorum</strong></span> <span class='ocrx_word' id='word_1_32' title='bbox 1224 731 1337 795; x_wconf 91' lang='lat' dir='ltr'><strong>liberos</strong></span> <span class='ocrx_word' id='word_1_33' title='bbox 1360 732 1437 794; x_wconf 92' lang='lat' dir='ltr'><strong>duos</strong></span> <span class='ocrx_word' id='word_1_34' title='bbox 1459 752 1584 795; x_wconf 92' lang='lat' dir='ltr'><strong>mansos</strong></span> 
     </span>
     <span class='ocr_line' id='line_1_6' title="bbox 70 814 1583 897; baseline -0.001 -19"><span class='ocrx_word' id='word_1_35' title='bbox 70 816 146 895; x_wconf 66' lang='grc' dir='ltr'><strong>Ι,</strong></span> <span class='ocrx_word' id='word_1_36' title='bbox 169 814 240 878; x_wconf 81' lang='lat' dir='ltr'><strong>Dea.</strong></span> <span class='ocrx_word' id='word_1_37' title='bbox 261 818 291 881; x_wconf 91' lang='grc'><strong>6.</strong></span> <span class='ocrx_word' id='word_1_38' title='bbox 318 816 448 878; x_wconf 85' lang='lat' dir='ltr'><strong>Bischoi</strong></span> <span class='ocrx_word' id='word_1_39' title='bbox 463 817 586 879; x_wconf 94' lang='lat' dir='ltr'><strong>Bruno</strong></span> <span class='ocrx_word' id='word_1_40' title='bbox 608 834 679 878; x_wconf 90' lang='lat' dir='ltr'><strong>von</strong></span> <span class='ocrx_word' id='word_1_41' title='bbox 694 815 755 878; x_wconf 89' lang='lat'><strong>01-</strong></span> <span class='ocrx_word' id='word_1_42' title='bbox 798 823 830 877; x_wconf 90' lang='lat' dir='ltr'><strong>et</strong></span> <span class='ocrx_word' id='word_1_43' title='bbox 849 816 924 876; x_wconf 82' lang='lat' dir='ltr'><strong>villa</strong></span> <span class='ocrx_word' id='word_1_44' title='bbox 951 816 1095 877; x_wconf 86' lang='lat' dir='ltr'><strong>adiacens</strong></span> <span class='ocrx_word' id='word_1_45' title='bbox 1124 816 1263 877; x_wconf 92' lang='lat' dir='ltr'><strong>similiter</strong></span> <span class='ocrx_word' id='word_1_46' title='bbox 1286 815 1323 876; x_wconf 89' lang='lat' dir='ltr'><strong>ad</strong></span> <span class='ocrx_word' id='word_1_47' title='bbox 1353 834 1469 897; x_wconf 90' lang='lat' dir='ltr'><strong>pascua</strong></span> <span class='ocrx_word' id='word_1_48' title='bbox 1490 836 1583 876; x_wconf 93' lang='lat' dir='ltr'><strong>unum</strong></span> 
     </span>
     <span class='ocr_line' id='line_1_7' title="bbox 84 896 1583 981; baseline 0.002 -23"><span class='ocrx_word' id='word_1_49' title='bbox 84 896 252 960; x_wconf 80' lang='lat' dir='ltr'><strong>ttberweist</strong></span> <span class='ocrx_word' id='word_1_50' title='bbox 273 898 324 960; x_wconf 93' lang='lat' dir='ltr'><strong>die</strong></span> <span class='ocrx_word' id='word_1_51' title='bbox 345 899 564 962; x_wconf 90' lang='lat' dir='ltr'><strong>beschlossene</strong></span> <span class='ocrx_word' id='word_1_52' title='bbox 585 898 755 981; x_wconf 78' lang='lat' dir='ltr'><strong>Grttndung</strong></span> <span class='ocrx_word' id='word_1_53' title='bbox 797 919 936 959; x_wconf 85' lang='lat' dir='ltr'><strong>mansum</strong></span> <span class='ocrx_word' id='word_1_54' title='bbox 966 899 1094 960; x_wconf 91' lang='lat' dir='ltr'><strong>liberum</strong></span> <span class='ocrx_word' id='word_1_55' title='bbox 1123 898 1281 961; x_wconf 85' lang='lat' dir='ltr'><strong>obtinebit.</strong></span> <span class='ocrx_word' id='word_1_56' title='bbox 1332 899 1474 961; x_wconf 88' lang='lat' dir='ltr'><strong>Preterea</strong></span> <span class='ocrx_word' id='word_1_57' title='bbox 1499 899 1583 978; x_wconf 85' lang='lat' dir='ltr'><strong>volo,</strong></span> 
     </span>
     <span class='ocr_line' id='line_1_8' title="bbox 70 978 1583 1064; baseline 0.001 -23"><span class='ocrx_word' id='word_1_58' title='bbox 70 978 126 1041; x_wconf 73' lang='lat' dir='ltr'><strong>adt</strong></span> <span class='ocrx_word' id='word_1_59' title='bbox 146 980 342 1064; x_wconf 82' lang='lat' dir='ltr'><strong>Braunsberg</strong></span> <span class='ocrx_word' id='word_1_60' title='bbox 375 984 479 1044; x_wconf 89' lang='lat' dir='ltr'><strong>seinen</strong></span> <span class='ocrx_word' id='word_1_61' title='bbox 510 983 654 1045; x_wconf 88' lang='lat' dir='ltr'><strong>Richtern</strong></span> <span class='ocrx_word' id='word_1_62' title='bbox 682 983 753 1044; x_wconf 91' lang='lat' dir='ltr'><strong>Ber·</strong></span> <span class='ocrx_word' id='word_1_63' title='bbox 796 989 829 1043; x_wconf 92' lang='lat' dir='ltr'><strong>ut</strong></span> <span class='ocrx_word' id='word_1_64' title='bbox 849 981 888 1043; x_wconf 87' lang='lat' dir='ltr'><strong>ad</strong></span> <span class='ocrx_word' id='word_1_65' title='bbox 914 983 1012 1062; x_wconf 90' lang='lat' dir='ltr'><strong>ipsam</strong></span> <span class='ocrx_word' id='word_1_66' title='bbox 1034 983 1188 1043; x_wconf 83' lang='lat' dir='ltr'><strong>civitatem</strong></span> <span class='ocrx_word' id='word_1_67' title='bbox 1210 1002 1311 1043; x_wconf 92' lang='lat' dir='ltr'><strong>meam</strong></span> <span class='ocrx_word' id='word_1_68' title='bbox 1333 983 1451 1043; x_wconf 90' lang='lat' dir='ltr'><strong>scilicet</strong></span> <span class='ocrx_word' id='word_1_69' title='bbox 1474 981 1583 1044; x_wconf 77' lang='lat' dir='ltr'><strong>Bruns</strong></span> 
     </span>
     <span class='ocr_line' id='line_1_9' title="bbox 70 1063 1583 1146; baseline 0.001 -22"><span class='ocrx_word' id='word_1_70' title='bbox 70 1080 130 1124; x_wconf 81' lang='lat' dir='ltr'><strong>ron</strong></span> <span class='ocrx_word' id='word_1_71' title='bbox 153 1063 264 1126; x_wconf 77' lang='lat' dir='ltr'><strong>Stsrita</strong></span> <span class='ocrx_word' id='word_1_72' title='bbox 286 1065 348 1126; x_wconf 93' lang='lat' dir='ltr'><strong>und</strong></span> <span class='ocrx_word' id='word_1_73' title='bbox 365 1065 507 1127; x_wconf 84' lang='lat' dir='ltr'>Heinrich</span> <span class='ocrx_word' id='word_1_74' title='bbox 530 1085 591 1127; x_wconf 84' lang='lat' dir='ltr'><strong>von</strong></span> <span class='ocrx_word' id='word_1_75' title='bbox 604 1066 753 1127; x_wconf 81' lang='lat' dir='ltr'><strong>Freolren·</strong></span> <span class='ocrx_word' id='word_1_76' title='bbox 794 1065 869 1146; x_wconf 85' lang='lat' dir='ltr'><strong>perh</strong></span> <span class='ocrx_word' id='word_1_77' title='bbox 892 1064 1068 1126; x_wconf 90' lang='lat' dir='ltr'><strong>adiacentes</strong></span> <span class='ocrx_word' id='word_1_78' title='bbox 1097 1064 1170 1125; x_wconf 88' lang='lat' dir='ltr'><strong>ville</strong></span> <span class='ocrx_word' id='word_1_79' title='bbox 1187 1067 1305 1127; x_wconf 91' lang='lat' dir='ltr'><strong>scilicet</strong></span> <span class='ocrx_word' id='word_1_80' title='bbox 1321 1065 1431 1127; x_wconf 82' lang='lat' dir='ltr'><strong>Starita</strong></span> <span class='ocrx_word' id='word_1_81' title='bbox 1448 1072 1480 1127; x_wconf 96' lang='lat' dir='ltr'><strong>et</strong></span> <span class='ocrx_word' id='word_1_82' title='bbox 1491 1065 1583 1126; x_wconf 88' lang='lat' dir='ltr'><strong>Vrec·</strong></span> 
     </span>
     <span class='ocr_line' id='line_1_10' title="bbox 70 1145 1583 1229; baseline 0.001 -22"><span class='ocrx_word' id='word_1_83' title='bbox 70 1145 190 1209; x_wconf 70' lang='lat' dir='ltr'><strong>’erleiht</strong></span> <span class='ocrx_word' id='word_1_84' title='bbox 211 1146 381 1210; x_wconf 88' lang='lat' dir='ltr'><strong>denselben</strong></span> <span class='ocrx_word' id='word_1_85' title='bbox 403 1169 472 1209; x_wconf 83' lang='lat' dir='ltr'><strong>num</strong></span> <span class='ocrx_word' id='word_1_86' title='bbox 494 1149 601 1210; x_wconf 89' lang='lat' dir='ltr'><strong>Lohne</strong></span> <span class='ocrx_word' id='word_1_87' title='bbox 622 1149 669 1209; x_wconf 84' lang='lat' dir='ltr'><strong>fur</strong></span> <span class='ocrx_word' id='word_1_88' title='bbox 682 1148 753 1209; x_wconf 90' lang='lat' dir='ltr'><strong>ihre</strong></span> <span class='ocrx_word' id='word_1_89' title='bbox 796 1147 926 1209; x_wconf 88' lang='lat' dir='ltr'><strong>cendori</strong></span> <span class='ocrx_word' id='word_1_90' title='bbox 950 1155 981 1209; x_wconf 91' lang='lat' dir='ltr'><strong>et</strong></span> <span class='ocrx_word' id='word_1_91' title='bbox 1001 1147 1206 1209; x_wconf 86' lang='lat' dir='ltr'><strong>Brunswerde</strong></span> <span class='ocrx_word' id='word_1_92' title='bbox 1236 1156 1268 1209; x_wconf 93' lang='lat' dir='ltr'><strong>et</strong></span> <span class='ocrx_word' id='word_1_93' title='bbox 1293 1166 1464 1229; x_wconf 88' lang='lat' dir='ltr'><strong>passecov,</strong></span> <span class='ocrx_word' id='word_1_94' title='bbox 1499 1154 1531 1209; x_wconf 91' lang='lat' dir='ltr'><strong>et</strong></span> <span class='ocrx_word' id='word_1_95' title='bbox 1558 1149 1583 1209; x_wconf 90' lang='lat' dir='ltr'><strong>si</strong></span> 
     </span>
     <span class='ocr_line' id='line_1_11' title="bbox 85 1231 1583 1312; baseline 0.001 -22"><span class='ocrx_word' id='word_1_96' title='bbox 85 1231 226 1312; x_wconf 78' lang='lat' dir='ltr'><strong>gewisse</strong></span> <span class='ocrx_word' id='word_1_97' title='bbox 241 1231 392 1311; x_wconf 82' lang='lat' dir='ltr'><strong>Freihdie,</strong></span> <span class='ocrx_word' id='word_1_98' title='bbox 415 1234 483 1294; x_wconf 89' lang='lat' dir='ltr'><strong>eine</strong></span> <span class='ocrx_word' id='word_1_99' title='bbox 505 1231 676 1293; x_wconf 82' lang='lat' dir='ltr'><strong>Freimtlhle</strong></span> <span class='ocrx_word' id='word_1_100' title='bbox 698 1232 754 1292; x_wconf 93' lang='lat' dir='ltr'><strong>mit</strong></span> <span class='ocrx_word' id='word_1_101' title='bbox 795 1231 865 1311; x_wconf 90' lang='lat' dir='ltr'><strong>quid</strong></span> <span class='ocrx_word' id='word_1_102' title='bbox 888 1232 919 1291; x_wconf 92' lang='lat' dir='ltr'><strong>in</strong></span> <span class='ocrx_word' id='word_1_103' title='bbox 934 1232 1070 1292; x_wconf 88' lang='lat' dir='ltr'><strong>terminis</strong></span> <span class='ocrx_word' id='word_1_104' title='bbox 1084 1233 1261 1312; x_wconf 78' lang='lat' dir='ltr'><strong>prescriptis</strong></span> <span class='ocrx_word' id='word_1_105' title='bbox 1274 1231 1374 1292; x_wconf 88' lang='lat' dir='ltr'><strong>adhuc</strong></span> <span class='ocrx_word' id='word_1_106' title='bbox 1388 1233 1502 1312; x_wconf 91' lang='lat' dir='ltr'><strong>poterit</strong></span> <span class='ocrx_word' id='word_1_107' title='bbox 1522 1231 1583 1292; x_wconf 91' lang='lat' dir='ltr'><strong>col-</strong></span> 
     </span>
     <span class='ocr_line' id='line_1_12' title="bbox 70 1311 1582 1396; baseline 0 -21"><span class='ocrx_word' id='word_1_108' title='bbox 70 1311 285 1395; x_wconf 69' lang='lat' dir='ltr'><strong>ithlgsngen,</strong></span> <span class='ocrx_word' id='word_1_109' title='bbox 316 1316 385 1376; x_wconf 88' lang='lat' dir='ltr'><strong>eine</strong></span> <span class='ocrx_word' id='word_1_110' title='bbox 406 1315 560 1377; x_wconf 89' lang='lat' dir='ltr'><strong>Badstube</strong></span> <span class='ocrx_word' id='word_1_111' title='bbox 592 1315 654 1376; x_wconf 92' lang='lat' dir='ltr'><strong>und</strong></span> <span class='ocrx_word' id='word_1_112' title='bbox 682 1315 751 1375; x_wconf 88' lang='lat' dir='ltr'><strong>eine</strong></span> <span class='ocrx_word' id='word_1_113' title='bbox 794 1315 899 1393; x_wconf 81' lang='lat' dir='ltr'><strong>locari,</strong></span> <span class='ocrx_word' id='word_1_114' title='bbox 922 1321 1061 1396; x_wconf 86' lang='lat' dir='ltr'><strong>spectare</strong></span> <span class='ocrx_word' id='word_1_115' title='bbox 1084 1320 1255 1394; x_wconf 83' lang='lat' dir='ltr'><strong>teneantur,</strong></span> <span class='ocrx_word' id='word_1_116' title='bbox 1275 1315 1396 1376; x_wconf 88' lang='lat' dir='ltr'><strong>scilicet</strong></span> <span class='ocrx_word' id='word_1_117' title='bbox 1416 1316 1447 1375; x_wconf 93' lang='lat' dir='ltr'><strong>in</strong></span> <span class='ocrx_word' id='word_1_118' title='bbox 1469 1314 1582 1375; x_wconf 89' lang='lat' dir='ltr'><strong>iudicio</strong></span> 
     </span>
     <span class='ocr_line' id='line_1_13' title="bbox 70 1396 1583 1563; baseline 0.001 -23"><span class='ocrx_word' id='word_1_119' title='bbox 70 1397 411 1562; x_wconf 60' lang='lat' dir='ltr'><strong>t&#39;llmssttiltlssl</strong></span> <span class='ocrx_word' id='word_1_120' title='bbox 427 1397 751 1563; x_wconf 55' lang='lat' dir='ltr'><strong>hiltiberti-⁰</strong></span> <span class='ocrx_word' id='word_1_121' title='bbox 794 1396 1583 1562; x_wconf 49' lang='lat' dir='ltr'><strong>iiiiitibidispiigiiiiiiiihihidii</strong></span> 
     </span>
     <span class='ocr_line' id='line_1_14' title="bbox 70 1528 1583 1645; baseline 0.001 -22"><span class='ocrx_word' id='word_1_122' title='bbox 70 1561 134 1623; x_wconf 84' lang='lat' dir='ltr'><strong>und</strong></span> <span class='ocrx_word' id='word_1_123' title='bbox 154 1562 337 1635; x_wconf 82' lang='lat' dir='ltr'><strong>Freimtthle,</strong></span> <span class='ocrx_word' id='word_1_124' title='bbox 360 1563 420 1625; x_wconf 92' lang='lat' dir='ltr'><strong>und</strong></span> <span class='ocrx_word' id='word_1_125' title='bbox 436 1565 592 1625; x_wconf 90' lang='lat' dir='ltr'><strong>bestimmt</strong></span> <span class='ocrx_word' id='word_1_126' title='bbox 612 1563 749 1645; x_wconf 83' lang='lat' dir='ltr'><strong>augleiab</strong></span> <span class='ocrx_word' id='word_1_127' title='bbox 793 1565 947 1629; x_wconf 85' lang='lat' dir='ltr'><strong>civitatem</strong></span> <span class='ocrx_word' id='word_1_128' title='bbox 971 1562 1138 1643; x_wconf 89' lang='lat' dir='ltr'><strong>quamlibet</strong></span> <span class='ocrx_word' id='word_1_129' title='bbox 1176 1528 1316 1643; x_wconf 65' lang='lat' dir='ltr'><strong>specta’re</strong></span> <span class='ocrx_word' id='word_1_130' title='bbox 1348 1571 1583 1641; x_wconf 76' lang='lat' dir='ltr'><strong>consueverunt,</strong></span> 
     </span>
     <span class='ocr_line' id='line_1_15' title="bbox 70 1645 1582 1728; baseline 0.001 -22"><span class='ocrx_word' id='word_1_131' title='bbox 70 1646 139 1707; x_wconf 82' lang='lat' dir='ltr'><strong>sien</strong></span> <span class='ocrx_word' id='word_1_132' title='bbox 164 1645 271 1707; x_wconf 90' lang='lat' dir='ltr'><strong>Boden</strong></span> <span class='ocrx_word' id='word_1_133' title='bbox 301 1647 349 1708; x_wconf 85' lang='lat' dir='ltr'><strong>itlr</strong></span> <span class='ocrx_word' id='word_1_134' title='bbox 381 1647 430 1710; x_wconf 94' lang='lat' dir='ltr'><strong>die</strong></span> <span class='ocrx_word' id='word_1_135' title='bbox 455 1646 668 1728; x_wconf 74' lang='lat' dir='ltr'><strong>Weideplatne</strong></span> <span class='ocrx_word' id='word_1_136' title='bbox 697 1646 752 1707; x_wconf 91' lang='lat' dir='ltr'><strong>der</strong></span> <span class='ocrx_word' id='word_1_137' title='bbox 793 1666 862 1708; x_wconf 89' lang='lat' dir='ltr'><strong>oum</strong></span> <span class='ocrx_word' id='word_1_138' title='bbox 889 1648 919 1707; x_wconf 94' lang='lat' dir='ltr'><strong>in</strong></span> <span class='ocrx_word' id='word_1_139' title='bbox 950 1646 1030 1707; x_wconf 89' lang='lat' dir='ltr'><strong>villis</strong></span> <span class='ocrx_word' id='word_1_140' title='bbox 1057 1666 1112 1727; x_wconf 91' lang='lat' dir='ltr'><strong>pro</strong></span> <span class='ocrx_word' id='word_1_141' title='bbox 1135 1647 1326 1725; x_wconf 85' lang='lat' dir='ltr'><strong>vulneribus,</strong></span> <span class='ocrx_word' id='word_1_142' title='bbox 1362 1647 1411 1708; x_wconf 90' lang='lat' dir='ltr'><strong>vel</strong></span> <span class='ocrx_word' id='word_1_143' title='bbox 1440 1646 1582 1727; x_wconf 89' lang='lat' dir='ltr'><strong>quicquid</strong></span> 
     </span>
     <span class='ocr_line' id='line_1_16' title="bbox 70 1729 1583 1813; baseline -0.001 -22"><span class='ocrx_word' id='word_1_144' title='bbox 70 1777 77 1791; x_wconf 95' lang='lat'>.</span> <span class='ocrx_word' id='word_1_145' title='bbox 130 1729 320 1813; x_wconf 78' lang='lat' dir='ltr'><strong>Ausserdem</strong></span> <span class='ocrx_word' id='word_1_146' title='bbox 348 1729 462 1792; x_wconf 78' lang='lat' dir='ltr'><strong>erklart</strong></span> <span class='ocrx_word' id='word_1_147' title='bbox 495 1750 528 1792; x_wconf 91' lang='lat' dir='ltr'><strong>er</strong></span> <span class='ocrx_word' id='word_1_148' title='bbox 558 1729 752 1812; x_wconf 85' lang='lat' dir='ltr'><strong>Braunsberg</strong></span> <span class='ocrx_word' id='word_1_149' title='bbox 793 1730 888 1791; x_wconf 90' lang='lat' dir='ltr'><strong>alcius</strong></span> <span class='ocrx_word' id='word_1_150' title='bbox 919 1735 980 1809; x_wconf 86' lang='lat' dir='ltr'><strong>est,</strong></span> <span class='ocrx_word' id='word_1_151' title='bbox 1012 1749 1074 1790; x_wconf 92' lang='lat' dir='ltr'><strong>non</strong></span> <span class='ocrx_word' id='word_1_152' title='bbox 1101 1729 1213 1791; x_wconf 90' lang='lat' dir='ltr'><strong>debeat</strong></span> <span class='ocrx_word' id='word_1_153' title='bbox 1240 1729 1375 1791; x_wconf 88' lang='lat' dir='ltr'><strong>iudicari.</strong></span> <span class='ocrx_word' id='word_1_154' title='bbox 1417 1730 1459 1792; x_wconf 93' lang='lat' dir='ltr'><strong>Ut</strong></span> <span class='ocrx_word' id='word_1_155' title='bbox 1480 1736 1583 1792; x_wconf 91' lang='lat' dir='ltr'><strong>autem</strong></span> 
     </span>
     <span class='ocr_line' id='line_1_17' title="bbox 70 1811 1582 1894; baseline 0.001 -21"><span class='ocrx_word' id='word_1_156' title='bbox 70 1812 262 1894; x_wconf 76' lang='lat' dir='ltr'><strong>hergerichte</strong></span> <span class='ocrx_word' id='word_1_157' title='bbox 285 1813 333 1873; x_wconf 86' lang='lat' dir='ltr'><strong>iur</strong></span> <span class='ocrx_word' id='word_1_158' title='bbox 356 1814 405 1875; x_wconf 93' lang='lat' dir='ltr'><strong>die</strong></span> <span class='ocrx_word' id='word_1_159' title='bbox 421 1813 749 1876; x_wconf 84' lang='lat' dir='ltr'><strong>benachbartenDori·</strong></span> <span class='ocrx_word' id='word_1_160' title='bbox 793 1832 867 1893; x_wconf 90' lang='lat' dir='ltr'><strong>sepe</strong></span> <span class='ocrx_word' id='word_1_161' title='bbox 889 1813 962 1874; x_wconf 89' lang='lat' dir='ltr'><strong>disti</strong></span> <span class='ocrx_word' id='word_1_162' title='bbox 984 1811 1099 1873; x_wconf 88' lang='lat' dir='ltr'><strong>iudices</strong></span> <span class='ocrx_word' id='word_1_163' title='bbox 1127 1814 1185 1873; x_wconf 92' lang='lat' dir='ltr'><strong>mei</strong></span> <span class='ocrx_word' id='word_1_164' title='bbox 1209 1815 1292 1874; x_wconf 89' lang='lat' dir='ltr'><strong>circa</strong></span> <span class='ocrx_word' id='word_1_165' title='bbox 1317 1813 1490 1875; x_wconf 89' lang='lat' dir='ltr'><strong>huiusmodi</strong></span> <span class='ocrx_word' id='word_1_166' title='bbox 1512 1815 1582 1875; x_wconf 84' lang='lat' dir='ltr'><strong>civi·</strong></span> 
     </span>
     <span class='ocr_line' id='line_1_18' title="bbox 70 1894 1582 1977; baseline 0.001 -21"><span class='ocrx_word' id='word_1_167' title='bbox 70 1914 92 1956; x_wconf 90' lang='grc' dir='ltr'><strong>ιι</strong></span> <span class='ocrx_word' id='word_1_168' title='bbox 134 1896 167 1956; x_wconf 81' lang='grc' dir='ltr'><strong>ιιι</strong></span> <span class='ocrx_word' id='word_1_169' title='bbox 200 1895 398 1977; x_wconf 85' lang='lat' dir='ltr'><strong>wichtigeren</strong></span> <span class='ocrx_word' id='word_1_170' title='bbox 426 1897 650 1976; x_wconf 76' lang='lat' dir='ltr'><strong>Rechtstbllen,</strong></span> <span class='ocrx_word' id='word_1_171' title='bbox 689 1894 750 1956; x_wconf 94' lang='lat' dir='ltr'><strong>und</strong></span> <span class='ocrx_word' id='word_1_172' title='bbox 792 1905 885 1958; x_wconf 86' lang='lat' dir='ltr'><strong>tatem</strong></span> <span class='ocrx_word' id='word_1_173' title='bbox 910 1894 1147 1958; x_wconf 84' lang='lat' dir='ltr'><strong>construendam</strong></span> <span class='ocrx_word' id='word_1_174' title='bbox 1169 1915 1207 1957; x_wconf 92' lang='lat' dir='ltr'><strong>eo</strong></span> <span class='ocrx_word' id='word_1_175' title='bbox 1222 1895 1342 1957; x_wconf 89' lang='lat' dir='ltr'><strong>tidelius</strong></span> <span class='ocrx_word' id='word_1_176' title='bbox 1364 1896 1514 1971; x_wconf 77' lang='lat' dir='ltr'><strong>laborent,</strong></span> <span class='ocrx_word' id='word_1_177' title='bbox 1536 1898 1582 1958; x_wconf 91' lang='lat' dir='ltr'><strong>ins</strong></span> 
     </span>
     <span class='ocr_line' id='line_1_19' title="bbox 70 1976 1583 2063; baseline 0.004 -25"><span class='ocrx_word' id='word_1_178' title='bbox 70 1976 159 2039; x_wconf 90' lang='lat' dir='ltr'><strong>tden</strong></span> <span class='ocrx_word' id='word_1_179' title='bbox 174 1977 345 2041; x_wconf 83' lang='lat' dir='ltr'><strong>Locatoreu</strong></span> <span class='ocrx_word' id='word_1_180' title='bbox 360 1980 420 2041; x_wconf 93' lang='lat' dir='ltr'><strong>und</strong></span> <span class='ocrx_word' id='word_1_181' title='bbox 434 1981 569 2063; x_wconf 81' lang='lat' dir='ltr'><strong>Burgern</strong></span> <span class='ocrx_word' id='word_1_182' title='bbox 583 1981 637 2040; x_wconf 93' lang='lat' dir='ltr'><strong>der</strong></span> <span class='ocrx_word' id='word_1_183' title='bbox 650 1998 749 2040; x_wconf 91' lang='lat' dir='ltr'><strong>neuen</strong></span> <span class='ocrx_word' id='word_1_184' title='bbox 792 1981 836 2040; x_wconf 92' lang='lat' dir='ltr'><strong>eis</strong></span> <span class='ocrx_word' id='word_1_185' title='bbox 867 1985 898 2040; x_wconf 93' lang='lat' dir='ltr'><strong>et</strong></span> <span class='ocrx_word' id='word_1_186' title='bbox 925 1979 1065 2040; x_wconf 93' lang='lat' dir='ltr'><strong>omnibus</strong></span> <span class='ocrx_word' id='word_1_187' title='bbox 1092 1978 1208 2040; x_wconf 87' lang='lat' dir='ltr'><strong>civibus</strong></span> <span class='ocrx_word' id='word_1_188' title='bbox 1239 1980 1314 2040; x_wconf 92' lang='lat' dir='ltr'><strong>meis</strong></span> <span class='ocrx_word' id='word_1_189' title='bbox 1345 1980 1470 2042; x_wconf 87' lang='lat' dir='ltr'><strong>ooniero</strong></span> <span class='ocrx_word' id='word_1_190' title='bbox 1492 1979 1583 2062; x_wconf 69' lang='lat' dir='ltr'><strong>llspd·</strong></span> 
     </span>
     <span class='ocr_line' id='line_1_20' title="bbox 70 2060 1582 2161; baseline -0.001 -37"><span class='ocrx_word' id='word_1_191' title='bbox 70 2060 121 2160; x_wconf 70' lang='lat' dir='ltr'><strong>las</strong></span> <span class='ocrx_word' id='word_1_192' title='bbox 143 2061 256 2143; x_wconf 70' lang='lat' dir='ltr'><strong>ungisi</strong></span> <span class='ocrx_word' id='word_1_193' title='bbox 301 2063 318 2159; x_wconf 35' lang='grc' dir='ltr'><strong>ο·</strong></span> <span class='ocrx_word' id='word_1_194' title='bbox 334 2062 381 2127; x_wconf 81' lang='lat' dir='ltr'><strong>oie</strong></span> <span class='ocrx_word' id='word_1_195' title='bbox 403 2063 513 2161; x_wconf 73' lang='lat' dir='ltr'><strong>Recht,</strong></span> <span class='ocrx_word' id='word_1_196' title='bbox 541 2062 616 2124; x_wconf 81' lang='lat' dir='ltr'><strong>uber</strong></span> <span class='ocrx_word' id='word_1_197' title='bbox 638 2063 749 2123; x_wconf 91' lang='lat' dir='ltr'><strong>dessen</strong></span> <span class='ocrx_word' id='word_1_198' title='bbox 791 2062 933 2160; x_wconf 66' lang='lat' dir='ltr'><strong>burgense.</strong></span> <span class='ocrx_word' id='word_1_199' title='bbox 963 2060 1065 2158; x_wconf 73' lang='lat' dir='ltr'><strong>¹Addo</strong></span> <span class='ocrx_word' id='word_1_200' title='bbox 1098 2063 1195 2160; x_wconf 76' lang='lat' dir='ltr'><strong>eciam</strong></span> <span class='ocrx_word' id='word_1_201' title='bbox 1222 2061 1404 2160; x_wconf 80' lang='lat' dir='ltr'><strong>suprpdictia</strong></span> <span class='ocrx_word' id='word_1_202' title='bbox 1433 2062 1582 2124; x_wconf 89' lang='lat' dir='ltr'><strong>iudicibus</strong></span> 
     </span>
     <span class='ocr_line' id='line_1_21' title="bbox 70 2143 1582 2310; baseline 0 -20"><span class='ocrx_word' id='word_1_203' title='bbox 70 2143 275 2290; x_wconf 44' lang='lat' dir='ltr'><strong>,inibi</strong></span> <span class='ocrx_word' id='word_1_204' title='bbox 300 2146 750 2291; x_wconf 62' lang='lat' dir='ltr'><strong>assimiliaris</strong></span> <span class='ocrx_word' id='word_1_205' title='bbox 792 2143 1582 2310; x_wconf 51' lang='lat' dir='ltr'><strong>bil„idithimillitlti„ltili</strong></span> 
     </span>
     <span class='ocr_line' id='line_1_22' title="bbox 70 2309 1581 2391; baseline 0 -18"><span class='ocrx_word' id='word_1_206' title='bbox 70 2310 155 2373; x_wconf 91' lang='lat' dir='ltr'><strong>lder</strong></span> <span class='ocrx_word' id='word_1_207' title='bbox 169 2309 341 2374; x_wconf 79' lang='lat' dir='ltr'><strong>locatoren</strong></span> <span class='ocrx_word' id='word_1_208' title='bbox 363 2332 401 2372; x_wconf 89' lang='lat' dir='ltr'><strong>an</strong></span> <span class='ocrx_word' id='word_1_209' title='bbox 419 2312 478 2373; x_wconf 91' lang='lat' dir='ltr'><strong>den</strong></span> <span class='ocrx_word' id='word_1_210' title='bbox 494 2312 748 2375; x_wconf 82' lang='lat' dir='ltr'><strong>Geriohtsbussen</strong></span> <span class='ocrx_word' id='word_1_211' title='bbox 791 2318 909 2373; x_wconf 89' lang='lat' dir='ltr'><strong>morate</strong></span> <span class='ocrx_word' id='word_1_212' title='bbox 935 2312 1050 2372; x_wconf 88' lang='lat' dir='ltr'><strong>civitati</strong></span> <span class='ocrx_word' id='word_1_213' title='bbox 1078 2330 1146 2372; x_wconf 88' lang='lat' dir='ltr'><strong>mee</strong></span> <span class='ocrx_word' id='word_1_214' title='bbox 1168 2312 1345 2391; x_wconf 79' lang='lat' dir='ltr'><strong>civibusque</strong></span> <span class='ocrx_word' id='word_1_215' title='bbox 1373 2313 1404 2372; x_wconf 93' lang='lat' dir='ltr'><strong>in</strong></span> <span class='ocrx_word' id='word_1_216' title='bbox 1433 2332 1471 2373; x_wconf 90' lang='lat' dir='ltr'><strong>ea</strong></span> <span class='ocrx_word' id='word_1_217' title='bbox 1497 2312 1581 2373; x_wconf 86' lang='lat' dir='ltr'><strong>habi-</strong></span> 
     </span>
     <span class='ocr_line' id='line_1_23' title="bbox 70 2393 1582 2484; baseline 0.001 -29"><span class='ocrx_word' id='word_1_218' title='bbox 70 2393 181 2484; x_wconf 73' lang='lat' dir='ltr'><strong>pZahl</strong></span> <span class='ocrx_word' id='word_1_219' title='bbox 199 2393 254 2455; x_wconf 93' lang='lat' dir='ltr'><strong>der</strong></span> <span class='ocrx_word' id='word_1_220' title='bbox 266 2395 481 2477; x_wconf 88' lang='lat' dir='ltr'><strong>Zinsireijahre</strong></span> <span class='ocrx_word' id='word_1_221' title='bbox 503 2394 664 2457; x_wconf 73' lang='lat' dir='ltr'><strong>forsoot—</strong></span> <span class='ocrx_word' id='word_1_222' title='bbox 688 2394 747 2455; x_wconf 92' lang='lat' dir='ltr'><strong>und</strong></span> <span class='ocrx_word' id='word_1_223' title='bbox 790 2395 923 2456; x_wconf 84' lang='lat' dir='ltr'><strong>tentibus</strong></span> <span class='ocrx_word' id='word_1_224' title='bbox 952 2413 1007 2475; x_wconf 92' lang='lat' dir='ltr'><strong>per</strong></span> <span class='ocrx_word' id='word_1_225' title='bbox 1029 2394 1189 2455; x_wconf 81' lang='lat' dir='ltr'><strong>duodecim</strong></span> <span class='ocrx_word' id='word_1_226' title='bbox 1212 2414 1362 2456; x_wconf 89' lang='lat' dir='ltr'><strong>annornm</strong></span> <span class='ocrx_word' id='word_1_227' title='bbox 1389 2396 1526 2475; x_wconf 90' lang='lat' dir='ltr'><strong>spacium</strong></span> <span class='ocrx_word' id='word_1_228' title='bbox 1548 2396 1582 2456; x_wconf 91' lang='lat' dir='ltr'><strong>li-</strong></span> 
     </span>
     <span class='ocr_line' id='line_1_24' title="bbox 72 2470 1580 2559; baseline 0.001 -22"><span class='ocrx_word' id='word_1_229' title='bbox 72 2470 205 2538; x_wconf 54' lang='lat' dir='ltr'><strong>strohner</strong></span> <span class='ocrx_word' id='word_1_230' title='bbox 227 2478 415 2559; x_wconf 83' lang='lat' dir='ltr'><strong>iestgesetst,</strong></span> <span class='ocrx_word' id='word_1_231' title='bbox 437 2478 497 2539; x_wconf 92' lang='lat' dir='ltr'><strong>und</strong></span> <span class='ocrx_word' id='word_1_232' title='bbox 519 2500 587 2539; x_wconf 86' lang='lat' dir='ltr'><strong>num</strong></span> <span class='ocrx_word' id='word_1_233' title='bbox 605 2478 748 2539; x_wconf 84' lang='lat' dir='ltr'><strong>Sohlusse</strong></span> <span class='ocrx_word' id='word_1_234' title='bbox 790 2477 956 2552; x_wconf 75' lang='lat' dir='ltr'><strong>bertatem,</strong></span> <span class='ocrx_word' id='word_1_235' title='bbox 991 2478 1062 2538; x_wconf 87' lang='lat' dir='ltr'><strong>ville</strong></span> <span class='ocrx_word' id='word_1_236' title='bbox 1096 2487 1198 2538; x_wconf 89' lang='lat' dir='ltr'><strong>autem</strong></span> <span class='ocrx_word' id='word_1_237' title='bbox 1225 2476 1378 2538; x_wconf 89' lang='lat' dir='ltr'><strong>adiacenti</strong></span> <span class='ocrx_word' id='word_1_238' title='bbox 1410 2477 1580 2540; x_wconf 85' lang='lat' dir='ltr'><strong>libertatem</strong></span> 
     </span>
     <span class='ocr_line' id='line_1_25' title="bbox 70 2558 1579 2643; baseline 0 -22"><span class='ocrx_word' id='word_1_239' title='bbox 70 2558 360 2643; x_wconf 77' lang='lat' dir='ltr'><strong>illod-Sohenkung</strong></span> <span class='ocrx_word' id='word_1_240' title='bbox 381 2582 418 2622; x_wconf 92' lang='lat' dir='ltr'><strong>an</strong></span> <span class='ocrx_word' id='word_1_241' title='bbox 442 2561 501 2622; x_wconf 94' lang='lat' dir='ltr'><strong>den</strong></span> <span class='ocrx_word' id='word_1_242' title='bbox 523 2563 564 2622; x_wconf 92' lang='lat' dir='ltr'><strong>irn</strong></span> <span class='ocrx_word' id='word_1_243' title='bbox 586 2561 747 2642; x_wconf 84' lang='lat' dir='ltr'><strong>Eingange</strong></span> <span class='ocrx_word' id='word_1_244' title='bbox 790 2581 845 2641; x_wconf 92' lang='lat' dir='ltr'><strong>per</strong></span> <span class='ocrx_word' id='word_1_245' title='bbox 860 2562 996 2642; x_wconf 84' lang='lat' dir='ltr'><strong>spacium</strong></span> <span class='ocrx_word' id='word_1_246' title='bbox 1014 2560 1148 2623; x_wconf 81' lang='lat' dir='ltr'><strong>sedecim</strong></span> <span class='ocrx_word' id='word_1_247' title='bbox 1164 2580 1323 2641; x_wconf 86' lang='lat' dir='ltr'><strong>annorum,</strong></span> <span class='ocrx_word' id='word_1_248' title='bbox 1336 2561 1466 2641; x_wconf 87' lang='lat' dir='ltr'><strong>expletis</strong></span> <span class='ocrx_word' id='word_1_249' title='bbox 1479 2567 1579 2621; x_wconf 88' lang='lat' dir='ltr'><strong>autem</strong></span> 
     </span>
     <span class='ocr_line' id='line_1_26' title="bbox 70 2643 1582 2725; baseline -0.001 -21"><span class='ocrx_word' id='word_1_250' title='bbox 70 2651 131 2705; x_wconf 82' lang='lat' dir='ltr'><strong>rten</strong></span> <span class='ocrx_word' id='word_1_251' title='bbox 154 2643 279 2706; x_wconf 86' lang='lat' dir='ltr'><strong>Richter</strong></span> <span class='ocrx_word' id='word_1_252' title='bbox 306 2644 452 2707; x_wconf 86' lang='lat' dir='ltr'><strong>Barthold</strong></span> <span class='ocrx_word' id='word_1_253' title='bbox 473 2644 672 2725; x_wconf 79' lang='lat' dir='ltr'><strong>Erwahnung</strong></span> <span class='ocrx_word' id='word_1_254' title='bbox 696 2663 747 2725; x_wconf 83' lang='lat' dir='ltr'><strong>ge·</strong></span> <span class='ocrx_word' id='word_1_255' title='bbox 789 2645 831 2705; x_wconf 92' lang='lat' dir='ltr'><strong>xii</strong></span> <span class='ocrx_word' id='word_1_256' title='bbox 853 2646 941 2706; x_wconf 88' lang='lat' dir='ltr'><strong>annis</strong></span> <span class='ocrx_word' id='word_1_257' title='bbox 969 2643 1069 2705; x_wconf 85' lang='lat' dir='ltr'><strong>liberis</strong></span> <span class='ocrx_word' id='word_1_258' title='bbox 1098 2644 1187 2721; x_wconf 78' lang='lat' dir='ltr'><strong>volo,</strong></span> <span class='ocrx_word' id='word_1_259' title='bbox 1219 2651 1252 2704; x_wconf 92' lang='lat' dir='ltr'><strong>ut</strong></span> <span class='ocrx_word' id='word_1_260' title='bbox 1274 2644 1313 2705; x_wconf 91' lang='lat' dir='ltr'><strong>de</strong></span> <span class='ocrx_word' id='word_1_261' title='bbox 1341 2643 1477 2724; x_wconf 89' lang='lat' dir='ltr'><strong>qualibet</strong></span> <span class='ocrx_word' id='word_1_262' title='bbox 1498 2644 1582 2704; x_wconf 93' lang='lat' dir='ltr'><strong>curia</strong></span> 
     </span>
    </p>

    <p class='ocr_par' dir='ltr' id='par_1_5' title="bbox 70 2725 1637 5135">
     <span class='ocr_line' id='line_1_27' title="bbox 788 2725 1581 2807; baseline -0.001 -20"><span class='ocrx_word' id='word_1_263' title='bbox 788 2729 818 2787; x_wconf 94' lang='lat' dir='ltr'><strong>in</strong></span> <span class='ocrx_word' id='word_1_264' title='bbox 840 2728 963 2789; x_wconf 87' lang='lat' dir='ltr'><strong>civitate</strong></span> <span class='ocrx_word' id='word_1_265' title='bbox 985 2746 1040 2788; x_wconf 87' lang='lat' dir='ltr'><strong>sex</strong></span> <span class='ocrx_word' id='word_1_266' title='bbox 1056 2728 1169 2787; x_wconf 88' lang='lat' dir='ltr'><strong>nummi</strong></span> <span class='ocrx_word' id='word_1_267' title='bbox 1192 2727 1326 2807; x_wconf 90' lang='lat' dir='ltr'><strong>persolvi</strong></span> <span class='ocrx_word' id='word_1_268' title='bbox 1342 2732 1519 2805; x_wconf 69' lang='lat' dir='ltr'><strong>teneanturg</strong></span> <span class='ocrx_word' id='word_1_269' title='bbox 1542 2725 1581 2786; x_wconf 93' lang='lat' dir='ltr'><strong>de</strong></span> 
     </span>
     <span class='ocr_line' id='line_1_28' title="bbox 70 2808 1581 2890; baseline -0.001 -20"><span class='ocrx_word' id='word_1_270' title='bbox 70 2829 90 2870; x_wconf 93' lang='lat' dir='ltr'><strong>n</strong></span> <span class='ocrx_word' id='word_1_271' title='bbox 113 2810 238 2871; x_wconf 90' lang='lat' dir='ltr'><strong>nomine</strong></span> <span class='ocrx_word' id='word_1_272' title='bbox 265 2809 382 2871; x_wconf 92' lang='lat' dir='ltr'><strong>domini</strong></span> <span class='ocrx_word' id='word_1_273' title='bbox 405 2830 504 2871; x_wconf 88' lang='lat' dir='ltr'><strong>amen.</strong></span> <span class='ocrx_word' id='word_1_274' title='bbox 547 2811 660 2890; x_wconf 76' lang='lat' dir='ltr'><strong>Utere,</strong></span> <span class='ocrx_word' id='word_1_275' title='bbox 688 2828 747 2889; x_wconf 90' lang='lat' dir='ltr'><strong>que</strong></span> <span class='ocrx_word' id='word_1_276' title='bbox 789 2809 863 2870; x_wconf 85' lang='lat' dir='ltr'><strong>villa</strong></span> <span class='ocrx_word' id='word_1_277' title='bbox 885 2817 987 2871; x_wconf 92' lang='lat' dir='ltr'><strong>autem</strong></span> <span class='ocrx_word' id='word_1_278' title='bbox 1010 2810 1135 2890; x_wconf 82' lang='lat' dir='ltr'><strong>expleta</strong></span> <span class='ocrx_word' id='word_1_279' title='bbox 1155 2808 1305 2887; x_wconf 84' lang='lat' dir='ltr'><strong>libertate,</strong></span> <span class='ocrx_word' id='word_1_280' title='bbox 1327 2816 1361 2870; x_wconf 94' lang='lat' dir='ltr'><strong>ut</strong></span> <span class='ocrx_word' id='word_1_281' title='bbox 1383 2809 1422 2870; x_wconf 93' lang='lat' dir='ltr'><strong>de</strong></span> <span class='ocrx_word' id='word_1_282' title='bbox 1438 2808 1505 2869; x_wconf 91' lang='lat' dir='ltr'><strong>aliis</strong></span> <span class='ocrx_word' id='word_1_283' title='bbox 1527 2809 1581 2869; x_wconf 85' lang='lat' dir='ltr'><strong>vil-</strong></span> 
     </span>
     <span class='ocr_line' id='line_1_29' title="bbox 70 2892 1580 2974; baseline -0.001 -21"><span class='ocrx_word' id='word_1_284' title='bbox 70 2899 260 2972; x_wconf 86' lang='lat' dir='ltr'><strong>rtempore,</strong></span> <span class='ocrx_word' id='word_1_285' title='bbox 293 2892 383 2953; x_wconf 90' lang='lat' dir='ltr'><strong>simul</strong></span> <span class='ocrx_word' id='word_1_286' title='bbox 410 2913 472 2954; x_wconf 92' lang='lat' dir='ltr'><strong>non</strong></span> <span class='ocrx_word' id='word_1_287' title='bbox 495 2893 650 2965; x_wconf 79' lang='lat' dir='ltr'><strong>labantur,</strong></span> <span class='ocrx_word' id='word_1_288' title='bbox 678 2912 746 2953; x_wconf 92' lang='lat' dir='ltr'><strong>cum</strong></span> <span class='ocrx_word' id='word_1_289' title='bbox 790 2894 836 2969; x_wconf 77' lang='lat' dir='ltr'><strong>lis,</strong></span> <span class='ocrx_word' id='word_1_290' title='bbox 859 2893 1037 2974; x_wconf 89' lang='lat' dir='ltr'><strong>persolvere</strong></span> <span class='ocrx_word' id='word_1_291' title='bbox 1050 2892 1242 2954; x_wconf 91' lang='lat' dir='ltr'><strong>tenebuntur.</strong></span> <span class='ocrx_word' id='word_1_292' title='bbox 1272 2893 1431 2971; x_wconf 83' lang='lat' dir='ltr'><strong>Preterea,</strong></span> <span class='ocrx_word' id='word_1_293' title='bbox 1459 2898 1492 2952; x_wconf 90' lang='grc' dir='ltr'><strong>ιιι</strong></span> <span class='ocrx_word' id='word_1_294' title='bbox 1512 2911 1580 2972; x_wconf 91' lang='lat' dir='ltr'><strong>pro·</strong></span> 
     </span>
     <span class='ocr_line' id='line_1_30' title="bbox 70 2973 1580 3057; baseline -0.003 -20"><span class='ocrx_word' id='word_1_295' title='bbox 70 2994 122 3037; x_wconf 92' lang='lat' dir='ltr'><strong>um</strong></span> <span class='ocrx_word' id='word_1_296' title='bbox 151 2974 379 3037; x_wconf 87' lang='lat' dir='ltr'><strong>immortalitate</strong></span> <span class='ocrx_word' id='word_1_297' title='bbox 406 2977 508 3038; x_wconf 91' lang='lat' dir='ltr'><strong>solent</strong></span> <span class='ocrx_word' id='word_1_298' title='bbox 528 2974 746 3038; x_wconf 86' lang='lat' dir='ltr'><strong>commendari.</strong></span> <span class='ocrx_word' id='word_1_299' title='bbox 790 2977 872 3052; x_wconf 77' lang='lat' dir='ltr'><strong>misi,</strong></span> <span class='ocrx_word' id='word_1_300' title='bbox 896 2976 979 3057; x_wconf 86' lang='lat' dir='ltr'><strong>quod</strong></span> <span class='ocrx_word' id='word_1_301' title='bbox 1001 2977 1076 3037; x_wconf 92' lang='lat' dir='ltr'><strong>meis</strong></span> <span class='ocrx_word' id='word_1_302' title='bbox 1098 2974 1214 3036; x_wconf 87' lang='lat' dir='ltr'><strong>civibus</strong></span> <span class='ocrx_word' id='word_1_303' title='bbox 1235 2977 1282 3035; x_wconf 89' lang='lat' dir='ltr'><strong>ius</strong></span> <span class='ocrx_word' id='word_1_304' title='bbox 1296 2974 1505 3057; x_wconf 72' lang='lat' dir='ltr'><strong>lleydhurgense</strong></span> <span class='ocrx_word' id='word_1_305' title='bbox 1527 2973 1580 3034; x_wconf 92' lang='lat' dir='ltr'><strong>do·</strong></span> 
     </span>
     <span class='ocr_line' id='line_1_31' title="bbox 95 3058 1581 3142; baseline -0.001 -24"><span class='ocrx_word' id='word_1_306' title='bbox 95 3059 189 3140; x_wconf 79' lang='lat' dir='ltr'><strong>igitur</strong></span> <span class='ocrx_word' id='word_1_307' title='bbox 220 3060 261 3119; x_wconf 90' lang='lat' dir='ltr'><strong>sit</strong></span> <span class='ocrx_word' id='word_1_308' title='bbox 289 3058 429 3120; x_wconf 90' lang='lat' dir='ltr'><strong>omnibus</strong></span> <span class='ocrx_word' id='word_1_309' title='bbox 462 3067 524 3120; x_wconf 82' lang='lat' dir='ltr'><strong>tam</strong></span> <span class='ocrx_word' id='word_1_310' title='bbox 554 3058 746 3141; x_wconf 88' lang='lat' dir='ltr'><strong>presentibus</strong></span> <span class='ocrx_word' id='word_1_311' title='bbox 789 3065 894 3120; x_wconf 90' lang='lat' dir='ltr'><strong>ceatur</strong></span> <span class='ocrx_word' id='word_1_312' title='bbox 914 3060 994 3140; x_wconf 92' lang='lat' dir='ltr'><strong>apud</strong></span> <span class='ocrx_word' id='word_1_313' title='bbox 1017 3059 1162 3142; x_wconf 75' lang='lat' dir='ltr'><strong>apparitu·</strong></span> <span class='ocrx_word' id='word_1_314' title='bbox 1176 3064 1314 3119; x_wconf 87' lang='lat' dir='ltr'><strong>tenorem</strong></span> <span class='ocrx_word' id='word_1_315' title='bbox 1335 3058 1484 3120; x_wconf 91' lang='lat' dir='ltr'><strong>obtinere.</strong></span> <span class='ocrx_word' id='word_1_316' title='bbox 1512 3059 1581 3118; x_wconf 88' lang='lat' dir='ltr'><strong>Pre-</strong></span> 
     </span>
     <span class='ocr_line' id='line_1_32' title="bbox 73 3138 1580 3223; baseline 0 -22"><span class='ocrx_word' id='word_1_317' title='bbox 73 3138 199 3219; x_wconf 79' lang='lat' dir='ltr'><strong>intnris,</strong></span> <span class='ocrx_word' id='word_1_318' title='bbox 235 3139 319 3221; x_wconf 91' lang='lat' dir='ltr'><strong>quod</strong></span> <span class='ocrx_word' id='word_1_319' title='bbox 348 3160 406 3223; x_wconf 83' lang='lat' dir='ltr'><strong>ego</strong></span> <span class='ocrx_word' id='word_1_320' title='bbox 436 3143 538 3204; x_wconf 91' lang='lat' dir='ltr'><strong>Bruno</strong></span> <span class='ocrx_word' id='word_1_321' title='bbox 566 3143 615 3203; x_wconf 92' lang='lat' dir='ltr'><strong>dei</strong></span> <span class='ocrx_word' id='word_1_322' title='bbox 643 3143 748 3223; x_wconf 87' lang='lat' dir='ltr'><strong>gracia</strong></span> <span class='ocrx_word' id='word_1_323' title='bbox 789 3149 873 3203; x_wconf 88' lang='lat' dir='ltr'><strong>terea</strong></span> <span class='ocrx_word' id='word_1_324' title='bbox 894 3143 952 3204; x_wconf 93' lang='lat' dir='ltr'><strong>soli</strong></span> <span class='ocrx_word' id='word_1_325' title='bbox 974 3140 1121 3203; x_wconf 86' lang='lat' dir='ltr'><strong>Bertoldo</strong></span> <span class='ocrx_word' id='word_1_326' title='bbox 1144 3140 1235 3201; x_wconf 87' lang='lat' dir='ltr'><strong>iudici</strong></span> <span class='ocrx_word' id='word_1_327' title='bbox 1263 3160 1332 3202; x_wconf 94' lang='lat' dir='ltr'><strong>meo</strong></span> <span class='ocrx_word' id='word_1_328' title='bbox 1356 3140 1482 3203; x_wconf 81' lang='lat' dir='ltr'><strong>contero</strong></span> <span class='ocrx_word' id='word_1_329' title='bbox 1505 3141 1580 3201; x_wconf 93' lang='lat' dir='ltr'><strong>allo-</strong></span> 
     </span>
     <span class='ocr_line' id='line_1_33' title="bbox 70 3222 1580 3305; baseline -0.001 -20"><span class='ocrx_word' id='word_1_330' title='bbox 70 3224 172 3285; x_wconf 84' lang='lat' dir='ltr'><strong>ocnsis</strong></span> <span class='ocrx_word' id='word_1_331' title='bbox 185 3225 352 3305; x_wconf 86' lang='lat' dir='ltr'><strong>episcopus</strong></span> <span class='ocrx_word' id='word_1_332' title='bbox 373 3224 412 3285; x_wconf 89' lang='lat' dir='ltr'><strong>ad</strong></span> <span class='ocrx_word' id='word_1_333' title='bbox 425 3225 672 3287; x_wconf 76' lang='lat' dir='ltr'><strong>emendationem</strong></span> <span class='ocrx_word' id='word_1_334' title='bbox 686 3245 746 3286; x_wconf 92' lang='lat' dir='ltr'><strong>me·</strong></span> <span class='ocrx_word' id='word_1_335' title='bbox 789 3226 871 3286; x_wconf 91' lang='lat' dir='ltr'><strong>dium</strong></span> <span class='ocrx_word' id='word_1_336' title='bbox 903 3226 1017 3287; x_wconf 83' lang='lat' dir='ltr'><strong>civitati</strong></span> <span class='ocrx_word' id='word_1_337' title='bbox 1048 3243 1116 3285; x_wconf 91' lang='lat' dir='ltr'><strong>mee</strong></span> <span class='ocrx_word' id='word_1_338' title='bbox 1137 3222 1282 3285; x_wconf 77' lang='lat' dir='ltr'><strong>adiacens</strong></span> <span class='ocrx_word' id='word_1_339' title='bbox 1304 3223 1399 3285; x_wconf 93' lang='lat' dir='ltr'><strong>libere</strong></span> <span class='ocrx_word' id='word_1_340' title='bbox 1421 3230 1453 3284; x_wconf 95' lang='lat' dir='ltr'><strong>et</strong></span> <span class='ocrx_word' id='word_1_341' title='bbox 1473 3223 1580 3285; x_wconf 87' lang='lat' dir='ltr'><strong>libera·</strong></span> 
     </span>
     <span class='ocr_line' id='line_1_34' title="bbox 70 3305 1581 3388; baseline -0.002 -19"><span class='ocrx_word' id='word_1_342' title='bbox 70 3306 265 3369; x_wconf 73' lang='lat' dir='ltr'><strong>meditatum</strong></span> <span class='ocrx_word' id='word_1_343' title='bbox 294 3314 326 3368; x_wconf 88' lang='lat' dir='ltr'><strong>et</strong></span> <span class='ocrx_word' id='word_1_344' title='bbox 354 3327 452 3369; x_wconf 88' lang='lat' dir='ltr'><strong>meam</strong></span> <span class='ocrx_word' id='word_1_345' title='bbox 481 3316 512 3370; x_wconf 87' lang='lat' dir='ltr'><strong>et</strong></span> <span class='ocrx_word' id='word_1_346' title='bbox 532 3309 746 3371; x_wconf 88' lang='lat' dir='ltr'><strong>Dlomucensis</strong></span> <span class='ocrx_word' id='word_1_347' title='bbox 788 3309 858 3369; x_wconf 89' lang='lat' dir='ltr'><strong>liter</strong></span> <span class='ocrx_word' id='word_1_348' title='bbox 878 3306 1107 3388; x_wconf 91' lang='lat' dir='ltr'><strong>possidendum.</strong></span> <span class='ocrx_word' id='word_1_349' title='bbox 1150 3306 1190 3367; x_wconf 82' lang='lat' dir='ltr'><strong>lit</strong></span> <span class='ocrx_word' id='word_1_350' title='bbox 1218 3315 1252 3367; x_wconf 93' lang='lat' dir='ltr'><strong>ut</strong></span> <span class='ocrx_word' id='word_1_351' title='bbox 1279 3307 1337 3367; x_wconf 92' lang='lat' dir='ltr'><strong>bec</strong></span> <span class='ocrx_word' id='word_1_352' title='bbox 1366 3305 1499 3367; x_wconf 91' lang='lat' dir='ltr'><strong>donacio</strong></span> <span class='ocrx_word' id='word_1_353' title='bbox 1521 3313 1581 3366; x_wconf 91' lang='lat' dir='ltr'><strong>sta-</strong></span> 
     </span>
     <span class='ocr_line' id='line_1_35' title="bbox 70 3389 1579 3471; baseline -0.001 -20"><span class='ocrx_word' id='word_1_354' title='bbox 70 3408 86 3451; x_wconf 86' lang='lat' dir='ltr'><strong>c</strong></span> <span class='ocrx_word' id='word_1_355' title='bbox 112 3389 274 3451; x_wconf 75' lang='lat' dir='ltr'><strong>utilitatem</strong></span> <span class='ocrx_word' id='word_1_356' title='bbox 302 3392 448 3471; x_wconf 87' lang='lat' dir='ltr'><strong>proposui</strong></span> <span class='ocrx_word' id='word_1_357' title='bbox 475 3400 654 3453; x_wconf 91' lang='lat' dir='ltr'><strong>construere</strong></span> <span class='ocrx_word' id='word_1_358' title='bbox 676 3392 746 3451; x_wconf 84' lang='lat' dir='ltr'><strong>civi·</strong></span> <span class='ocrx_word' id='word_1_359' title='bbox 790 3391 859 3454; x_wconf 90' lang='lat' dir='ltr'><strong>bilis</strong></span> <span class='ocrx_word' id='word_1_360' title='bbox 881 3397 912 3452; x_wconf 95' lang='lat' dir='ltr'><strong>et</strong></span> <span class='ocrx_word' id='word_1_361' title='bbox 933 3392 1059 3452; x_wconf 83' lang='lat' dir='ltr'><strong>instato</strong></span> <span class='ocrx_word' id='word_1_362' title='bbox 1081 3409 1202 3470; x_wconf 90' lang='lat' dir='ltr'><strong>semper</strong></span> <span class='ocrx_word' id='word_1_363' title='bbox 1214 3389 1381 3450; x_wconf 89' lang='lat' dir='ltr'><strong>incholomi</strong></span> <span class='ocrx_word' id='word_1_364' title='bbox 1392 3396 1579 3469; x_wconf 83' lang='lat' dir='ltr'><strong>perseveret,</strong></span> 
     </span>
     <span class='ocr_line' id='line_1_36' title="bbox 81 3473 1580 3555; baseline 0 -22"><span class='ocrx_word' id='word_1_365' title='bbox 81 3491 175 3554; x_wconf 88' lang='lat' dir='ltr'><strong>qnam</strong></span> <span class='ocrx_word' id='word_1_366' title='bbox 193 3473 430 3534; x_wconf 78' lang='lat' dir='ltr'><strong>construendam</strong></span> <span class='ocrx_word' id='word_1_367' title='bbox 453 3482 484 3535; x_wconf 92' lang='lat' dir='ltr'><strong>et</strong></span> <span class='ocrx_word' id='word_1_368' title='bbox 500 3474 662 3536; x_wconf 86' lang='lat' dir='ltr'><strong>locandam</strong></span> <span class='ocrx_word' id='word_1_369' title='bbox 677 3492 748 3534; x_wconf 87' lang='lat' dir='ltr'><strong>con-</strong></span> <span class='ocrx_word' id='word_1_370' title='bbox 791 3481 964 3555; x_wconf 90' lang='lat' dir='ltr'><strong>presentem</strong></span> <span class='ocrx_word' id='word_1_371' title='bbox 979 3473 1125 3535; x_wconf 86' lang='lat' dir='ltr'><strong>cartulam</strong></span> <span class='ocrx_word' id='word_1_372' title='bbox 1142 3473 1232 3554; x_wconf 84' lang='lat' dir='ltr'><strong>sigilli</strong></span> <span class='ocrx_word' id='word_1_373' title='bbox 1255 3474 1314 3534; x_wconf 92' lang='lat' dir='ltr'><strong>mei</strong></span> <span class='ocrx_word' id='word_1_374' title='bbox 1334 3473 1499 3533; x_wconf 90' lang='lat' dir='ltr'><strong>munimine</strong></span> <span class='ocrx_word' id='word_1_375' title='bbox 1521 3481 1580 3533; x_wconf 88' lang='lat' dir='ltr'><strong>tra·</strong></span> 
     </span>
     <span class='ocr_line' id='line_1_37' title="bbox 70 3554 1580 3636; baseline -0.001 -19"><span class='ocrx_word' id='word_1_376' title='bbox 70 3554 184 3617; x_wconf 86' lang='lat' dir='ltr'><strong>lelihns</strong></span> <span class='ocrx_word' id='word_1_377' title='bbox 205 3555 356 3619; x_wconf 91' lang='lat' dir='ltr'><strong>iudicibus</strong></span> <span class='ocrx_word' id='word_1_378' title='bbox 378 3558 454 3618; x_wconf 88' lang='lat' dir='ltr'><strong>meis</strong></span> <span class='ocrx_word' id='word_1_379' title='bbox 475 3555 747 3620; x_wconf 87' lang='lat' dir='ltr'><strong>scilicetBertoldo</strong></span> <span class='ocrx_word' id='word_1_380' title='bbox 791 3556 853 3617; x_wconf 94' lang='lat' dir='ltr'><strong>didi</strong></span> <span class='ocrx_word' id='word_1_381' title='bbox 872 3557 1048 3619; x_wconf 84' lang='lat' dir='ltr'><strong>roboratam</strong></span> <span class='ocrx_word' id='word_1_382' title='bbox 1066 3557 1192 3618; x_wconf 88' lang='lat' dir='ltr'><strong>testibus</strong></span> <span class='ocrx_word' id='word_1_383' title='bbox 1211 3555 1422 3634; x_wconf 86' lang='lat' dir='ltr'><strong>mediantibus,</strong></span> <span class='ocrx_word' id='word_1_384' title='bbox 1445 3556 1495 3635; x_wconf 89' lang='lat' dir='ltr'><strong>qui</strong></span> <span class='ocrx_word' id='word_1_385' title='bbox 1514 3574 1580 3636; x_wconf 89' lang='lat' dir='ltr'><strong>pre-</strong></span> 
     </span>
     <span class='ocr_line' id='line_1_38' title="bbox 70 3637 1580 3719; baseline 0 -20"><span class='ocrx_word' id='word_1_386' title='bbox 70 3637 106 3700; x_wconf 84' lang='lat' dir='ltr'><strong>de</strong></span> <span class='ocrx_word' id='word_1_387' title='bbox 128 3637 239 3700; x_wconf 81' lang='lat' dir='ltr'><strong>Staritz</strong></span> <span class='ocrx_word' id='word_1_388' title='bbox 262 3646 292 3700; x_wconf 89' lang='lat' dir='ltr'><strong>et</strong></span> <span class='ocrx_word' id='word_1_389' title='bbox 314 3658 370 3700; x_wconf 92' lang='lat' dir='ltr'><strong>suo</strong></span> <span class='ocrx_word' id='word_1_390' title='bbox 392 3641 478 3702; x_wconf 91' lang='lat' dir='ltr'><strong>socio</strong></span> <span class='ocrx_word' id='word_1_391' title='bbox 500 3640 633 3701; x_wconf 88' lang='lat' dir='ltr'><strong>Henrieo</strong></span> <span class='ocrx_word' id='word_1_392' title='bbox 656 3639 748 3701; x_wconf 93' lang='lat' dir='ltr'><strong>iudici</strong></span> <span class='ocrx_word' id='word_1_393' title='bbox 790 3641 852 3701; x_wconf 86' lang='lat' dir='ltr'><strong>iate</strong></span> <span class='ocrx_word' id='word_1_394' title='bbox 874 3639 1056 3717; x_wconf 84' lang='lat' dir='ltr'><strong>donaciani,</strong></span> <span class='ocrx_word' id='word_1_395' title='bbox 1080 3659 1148 3700; x_wconf 89' lang='lat' dir='ltr'><strong>oum</strong></span> <span class='ocrx_word' id='word_1_396' title='bbox 1171 3638 1274 3716; x_wconf 80' lang='lat' dir='ltr'><strong>fleret,</strong></span> <span class='ocrx_word' id='word_1_397' title='bbox 1295 3639 1484 3717; x_wconf 70' lang='lat' dir='ltr'><strong>assisterunt,</strong></span> <span class='ocrx_word' id='word_1_398' title='bbox 1506 3657 1580 3719; x_wconf 85' lang='lat' dir='ltr'><strong>quo-</strong></span> 
     </span>
     <span class='ocr_line' id='line_1_39' title="bbox 70 3721 1580 3805; baseline 0 -22"><span class='ocrx_word' id='word_1_399' title='bbox 70 3721 319 3796; x_wconf 78' lang='lat' dir='ltr'><strong>checcendori,</strong></span> <span class='ocrx_word' id='word_1_400' title='bbox 343 3730 384 3794; x_wconf 74' lang='lat' dir='ltr'><strong>ut,</strong></span> <span class='ocrx_word' id='word_1_401' title='bbox 407 3724 485 3785; x_wconf 90' lang='lat' dir='ltr'><strong>sicut</strong></span> <span class='ocrx_word' id='word_1_402' title='bbox 507 3724 579 3784; x_wconf 94' lang='lat' dir='ltr'><strong>mihi</strong></span> <span class='ocrx_word' id='word_1_403' title='bbox 601 3725 748 3805; x_wconf 89' lang='lat' dir='ltr'><strong>promise·</strong></span> <span class='ocrx_word' id='word_1_404' title='bbox 790 3743 855 3784; x_wconf 89' lang='lat' dir='ltr'><strong>rum</strong></span> <span class='ocrx_word' id='word_1_405' title='bbox 878 3725 1004 3784; x_wconf 90' lang='lat' dir='ltr'><strong>nomina</strong></span> <span class='ocrx_word' id='word_1_406' title='bbox 1024 3723 1085 3784; x_wconf 88' lang='lat' dir='ltr'><strong>hoc</strong></span> <span class='ocrx_word' id='word_1_407' title='bbox 1105 3724 1135 3783; x_wconf 93' lang='lat' dir='ltr'><strong>in</strong></span> <span class='ocrx_word' id='word_1_408' title='bbox 1161 3769 1168 3783; x_wconf 93' lang='lat'><strong>.</strong></span> <span class='ocrx_word' id='word_1_409' title='bbox 1192 3768 1199 3782; x_wconf 93' lang='lat'><strong>.</strong></span> <span class='ocrx_word' id='word_1_410' title='bbox 1224 3769 1231 3783; x_wconf 94' lang='lat'><strong>.</strong></span> <span class='ocrx_word' id='word_1_411' title='bbox 1255 3728 1477 3801; x_wconf 89' lang='lat' dir='ltr'><strong>nuncupantur.</strong></span> <span class='ocrx_word' id='word_1_412' title='bbox 1520 3722 1580 3783; x_wconf 93' lang='lat' dir='ltr'><strong>Do·</strong></span> 
     </span>
     <span class='ocr_line' id='line_1_40' title="bbox 70 3804 1581 3888; baseline -0.001 -23"><span class='ocrx_word' id='word_1_413' title='bbox 70 3804 223 3884; x_wconf 79' lang='lat' dir='ltr'><strong>ivitatem,</strong></span> <span class='ocrx_word' id='word_1_414' title='bbox 246 3824 336 3885; x_wconf 86' lang='lat' dir='ltr'><strong>quam</strong></span> <span class='ocrx_word' id='word_1_415' title='bbox 349 3806 540 3887; x_wconf 87' lang='lat' dir='ltr'><strong>Brunsperoh</strong></span> <span class='ocrx_word' id='word_1_416' title='bbox 564 3808 747 3888; x_wconf 84' lang='lat' dir='ltr'><strong>nuncupavi,</strong></span> <span class='ocrx_word' id='word_1_417' title='bbox 790 3805 1328 3887; x_wconf 69' lang='lat' dir='ltr'><strong>minusHenningus(et&#39;Jtiliusejus.</strong></span> <span class='ocrx_word' id='word_1_418' title='bbox 1346 3804 1581 3866; x_wconf 86' lang='lat' dir='ltr'><strong>DominusDon-</strong></span> 
     </span>
     <span class='ocr_line' id='line_1_41' title="bbox 70 3887 1579 3972; baseline -0.001 -23"><span class='ocrx_word' id='word_1_419' title='bbox 70 3908 86 3949; x_wconf 91' lang='lat' dir='ltr'><strong>r</strong></span> <span class='ocrx_word' id='word_1_420' title='bbox 114 3887 250 3949; x_wconf 88' lang='lat' dir='ltr'><strong>debeant</strong></span> <span class='ocrx_word' id='word_1_421' title='bbox 271 3895 449 3951; x_wconf 85' lang='lat' dir='ltr'><strong>construere</strong></span> <span class='ocrx_word' id='word_1_422' title='bbox 471 3897 502 3951; x_wconf 93' lang='lat' dir='ltr'><strong>et</strong></span> <span class='ocrx_word' id='word_1_423' title='bbox 523 3890 636 3952; x_wconf 86' lang='lat' dir='ltr'><strong>locare.</strong></span> <span class='ocrx_word' id='word_1_424' title='bbox 679 3889 747 3972; x_wconf 82' lang='lat' dir='ltr'><strong>Ego</strong></span> <span class='ocrx_word' id='word_1_425' title='bbox 789 3889 880 3951; x_wconf 90' lang='lat' dir='ltr'><strong>radus</strong></span> <span class='ocrx_word' id='word_1_426' title='bbox 896 3889 1134 3964; x_wconf 74' lang='lat' dir='ltr'><strong>tetJtiliuseius.</strong></span> <span class='ocrx_word' id='word_1_427' title='bbox 1158 3889 1307 3949; x_wconf 89' lang='lat' dir='ltr'><strong>Dominus</strong></span> <span class='ocrx_word' id='word_1_428' title='bbox 1315 3888 1446 3948; x_wconf 87' lang='lat' dir='ltr'><strong>Ditricus</strong></span> <span class='ocrx_word' id='word_1_429' title='bbox 1456 3887 1494 3948; x_wconf 92' lang='lat' dir='ltr'><strong>de</strong></span> <span class='ocrx_word' id='word_1_430' title='bbox 1504 3887 1579 3948; x_wconf 89' lang='lat' dir='ltr'><strong>Zell.</strong></span> 
     </span>
     <span class='ocr_line' id='line_1_42' title="bbox 77 3969 1579 4054; baseline -0.001 -23"><span class='ocrx_word' id='word_1_431' title='bbox 77 3970 111 4031; x_wconf 89' lang='lat' dir='ltr'><strong>in</strong></span> <span class='ocrx_word' id='word_1_432' title='bbox 128 3972 412 4033; x_wconf 85' lang='lat' dir='ltr'><strong>remuneracionem</strong></span> <span class='ocrx_word' id='word_1_433' title='bbox 435 3972 584 4049; x_wconf 77' lang='lat' dir='ltr'><strong>laborum,</strong></span> <span class='ocrx_word' id='word_1_434' title='bbox 607 3991 685 4054; x_wconf 92' lang='lat' dir='ltr'><strong>quos</strong></span> <span class='ocrx_word' id='word_1_435' title='bbox 706 3973 746 4033; x_wconf 86' lang='lat' dir='ltr'><strong>ia·</strong></span> <span class='ocrx_word' id='word_1_436' title='bbox 789 3973 938 4035; x_wconf 89' lang='lat' dir='ltr'><strong>Dominus</strong></span> <span class='ocrx_word' id='word_1_437' title='bbox 960 3969 1063 4033; x_wconf 90' lang='lat' dir='ltr'><strong>Bruno</strong></span> <span class='ocrx_word' id='word_1_438' title='bbox 1086 3972 1124 4032; x_wconf 93' lang='lat' dir='ltr'><strong>de</strong></span> <span class='ocrx_word' id='word_1_439' title='bbox 1146 3971 1339 4052; x_wconf 78' lang='lat' dir='ltr'><strong>Spenohove,</strong></span> <span class='ocrx_word' id='word_1_440' title='bbox 1361 3977 1393 4031; x_wconf 89' lang='lat' dir='ltr'><strong>et</strong></span> <span class='ocrx_word' id='word_1_441' title='bbox 1415 3970 1466 4031; x_wconf 90' lang='lat' dir='ltr'><strong>alii</strong></span> <span class='ocrx_word' id='word_1_442' title='bbox 1489 3990 1579 4051; x_wconf 90' lang='lat' dir='ltr'><strong>quam</strong></span> 
     </span>
     <span class='ocr_line' id='line_1_43' title="bbox 70 4052 1582 4136; baseline -0.001 -22"><span class='ocrx_word' id='word_1_443' title='bbox 70 4052 179 4114; x_wconf 77' lang='lat' dir='ltr'><strong>dietam</strong></span> <span class='ocrx_word' id='word_1_444' title='bbox 207 4055 362 4116; x_wconf 88' lang='lat' dir='ltr'><strong>civitatem</strong></span> <span class='ocrx_word' id='word_1_445' title='bbox 390 4057 617 4135; x_wconf 79' lang='lat' dir='ltr'><strong>construendo,</strong></span> <span class='ocrx_word' id='word_1_446' title='bbox 645 4063 676 4116; x_wconf 93' lang='lat' dir='ltr'><strong>et</strong></span> <span class='ocrx_word' id='word_1_447' title='bbox 697 4075 747 4117; x_wconf 92' lang='lat' dir='ltr'><strong>eo·</strong></span> <span class='ocrx_word' id='word_1_448' title='bbox 790 4056 894 4136; x_wconf 90' lang='lat' dir='ltr'><strong>plures</strong></span> <span class='ocrx_word' id='word_1_449' title='bbox 921 4052 982 4116; x_wconf 86' lang='lat' dir='ltr'><strong>ilde</strong></span> <span class='ocrx_word' id='word_1_450' title='bbox 1005 4055 1097 4136; x_wconf 80' lang='lat' dir='ltr'><strong>digni.</strong></span> <span class='ocrx_word' id='word_1_451' title='bbox 1141 4055 1220 4115; x_wconf 85' lang='lat' dir='ltr'><strong>Acta</strong></span> <span class='ocrx_word' id='word_1_452' title='bbox 1241 4060 1313 4115; x_wconf 90' lang='lat' dir='ltr'><strong>sunt</strong></span> <span class='ocrx_word' id='word_1_453' title='bbox 1338 4054 1397 4114; x_wconf 91' lang='lat' dir='ltr'><strong>bec</strong></span> <span class='ocrx_word' id='word_1_454' title='bbox 1416 4055 1446 4114; x_wconf 94' lang='lat' dir='ltr'><strong>in</strong></span> <span class='ocrx_word' id='word_1_455' title='bbox 1468 4053 1582 4114; x_wconf 87' lang='lat' dir='ltr'><strong>Ketcer</strong></span> 
     </span>
     <span class='ocr_line' id='line_1_44' title="bbox 70 4135 1580 4221; baseline -0.002 -22"><span class='ocrx_word' id='word_1_456' title='bbox 70 4135 146 4199; x_wconf 85' lang='lat' dir='ltr'><strong>dclis</strong></span> <span class='ocrx_word' id='word_1_457' title='bbox 168 4138 304 4216; x_wconf 79' lang='lat' dir='ltr'><strong>servicii,</strong></span> <span class='ocrx_word' id='word_1_458' title='bbox 332 4137 414 4218; x_wconf 91' lang='lat' dir='ltr'><strong>quod</strong></span> <span class='ocrx_word' id='word_1_459' title='bbox 442 4158 565 4221; x_wconf 85' lang='lat' dir='ltr'><strong>semper</strong></span> <span class='ocrx_word' id='word_1_460' title='bbox 585 4140 749 4220; x_wconf 86' lang='lat' dir='ltr'><strong>diligenter</strong></span> <span class='ocrx_word' id='word_1_461' title='bbox 791 4158 872 4200; x_wconf 90' lang='lat' dir='ltr'><strong>anno</strong></span> <span class='ocrx_word' id='word_1_462' title='bbox 896 4138 1011 4200; x_wconf 90' lang='lat' dir='ltr'><strong>domini</strong></span> <span class='ocrx_word' id='word_1_463' title='bbox 1032 4139 1073 4199; x_wconf 80' lang='lat' dir='ltr'><strong>ul.</strong></span> <span class='ocrx_word' id='word_1_464' title='bbox 1096 4138 1155 4199; x_wconf 85' lang='lat' dir='ltr'><strong>DC.</strong></span> <span class='ocrx_word' id='word_1_465' title='bbox 1177 4135 1284 4198; x_wconf 83' lang='lat' dir='ltr'>LXIX.</span> <span class='ocrx_word' id='word_1_466' title='bbox 1307 4139 1336 4198; x_wconf 91' lang='lat' dir='ltr'><strong>in</strong></span> <span class='ocrx_word' id='word_1_467' title='bbox 1361 4136 1410 4197; x_wconf 92' lang='lat' dir='ltr'><strong>die</strong></span> <span class='ocrx_word' id='word_1_468' title='bbox 1433 4136 1514 4198; x_wconf 87' lang='lat' dir='ltr'><strong>beati</strong></span> <span class='ocrx_word' id='word_1_469' title='bbox 1538 4137 1580 4196; x_wconf 90' lang='lat' dir='ltr'><strong>ni·</strong></span> 
     </span>
     <span class='ocr_line' id='line_1_45' title="bbox 70 4219 1580 4303; baseline -0.002 -21"><span class='ocrx_word' id='word_1_470' title='bbox 70 4220 235 4299; x_wconf 62' lang='lat' dir='ltr'><strong>ieoniero</strong></span> <span class='ocrx_word' id='word_1_471' title='bbox 257 4228 378 4282; x_wconf 86' lang='lat' dir='ltr'><strong>sextam</strong></span> <span class='ocrx_word' id='word_1_472' title='bbox 399 4220 512 4283; x_wconf 76' lang='lat' dir='ltr'><strong>citriam</strong></span> <span class='ocrx_word' id='word_1_473' title='bbox 533 4222 658 4285; x_wconf 90' lang='lat' dir='ltr'><strong>liberam</strong></span> <span class='ocrx_word' id='word_1_474' title='bbox 681 4241 747 4303; x_wconf 88' lang='lat' dir='ltr'><strong>pre·</strong></span> <span class='ocrx_word' id='word_1_475' title='bbox 791 4222 923 4283; x_wconf 87' lang='lat' dir='ltr'><strong>oholai.“</strong></span> <span class='ocrx_word' id='word_1_476' title='bbox 973 4223 1107 4298; x_wconf 75' lang='lat' dir='ltr'><strong>Boczelc,</strong></span> <span class='ocrx_word' id='word_1_477' title='bbox 1142 4220 1218 4282; x_wconf 85' lang='lat' dir='ltr'><strong>Cod.</strong></span> <span class='ocrx_word' id='word_1_478' title='bbox 1241 4219 1272 4280; x_wconf 95' lang='lat' dir='ltr'><strong>di</strong></span> <span class='ocrx_word' id='word_1_479' title='bbox 1295 4221 1314 4281; x_wconf 88' lang='lat' dir='ltr'><strong>l.</strong></span> <span class='ocrx_word' id='word_1_480' title='bbox 1348 4227 1379 4280; x_wconf 92' lang='lat' dir='ltr'><strong>et</strong></span> <span class='ocrx_word' id='word_1_481' title='bbox 1407 4221 1494 4301; x_wconf 88' lang='lat' dir='ltr'><strong>epist.</strong></span> <span class='ocrx_word' id='word_1_482' title='bbox 1517 4220 1580 4279; x_wconf 89' lang='lat' dir='ltr'><strong>llio·</strong></span> 
     </span>
     <span class='ocr_line' id='line_1_46' title="bbox 70 4301 1581 4387; baseline 0 -24"><span class='ocrx_word' id='word_1_483' title='bbox 70 4304 208 4364; x_wconf 78' lang='lat' dir='ltr'><strong>scnrias</strong></span> <span class='ocrx_word' id='word_1_484' title='bbox 226 4303 349 4382; x_wconf 85' lang='lat' dir='ltr'><strong>liberas,</strong></span> <span class='ocrx_word' id='word_1_485' title='bbox 371 4322 447 4384; x_wconf 85' lang='lat' dir='ltr'><strong>quas</strong></span> <span class='ocrx_word' id='word_1_486' title='bbox 459 4306 665 4387; x_wconf 83' lang='lat' dir='ltr'><strong>principaliter</strong></span> <span class='ocrx_word' id='word_1_487' title='bbox 679 4325 747 4366; x_wconf 91' lang='lat' dir='ltr'><strong>oum</strong></span> <span class='ocrx_word' id='word_1_488' title='bbox 790 4306 893 4365; x_wconf 87' lang='lat' dir='ltr'><strong>raviae</strong></span> <span class='ocrx_word' id='word_1_489' title='bbox 913 4305 1001 4366; x_wconf 90' lang='lat' dir='ltr'><strong>Tom.</strong></span> <span class='ocrx_word' id='word_1_490' title='bbox 1023 4305 1062 4365; x_wconf 90' lang='lat' dir='ltr'><strong>lV</strong></span> <span class='ocrx_word' id='word_1_491' title='bbox 1082 4305 1134 4367; x_wconf 83' lang='grc' dir='ltr'><strong>Νι.</strong></span> <span class='ocrx_word' id='word_1_492' title='bbox 1158 4302 1218 4364; x_wconf 87' lang='lat' dir='ltr'><strong>XX</strong></span> <span class='ocrx_word' id='word_1_493' title='bbox 1309 4322 1338 4383; x_wconf 91' lang='lat' dir='ltr'><strong>p.</strong></span> <span class='ocrx_word' id='word_1_494' title='bbox 1362 4305 1410 4379; x_wconf 83' lang='lat'><strong>33,</strong></span> <span class='ocrx_word' id='word_1_495' title='bbox 1433 4304 1481 4366; x_wconf 84' lang='lat'><strong>34.</strong></span> <span class='ocrx_word' id='word_1_496' title='bbox 1510 4301 1581 4383; x_wconf 79' lang='lat' dir='ltr'><strong>vgl.</strong></span> 
     </span>
     <span class='ocr_line' id='line_1_47' title="bbox 70 4385 1485 4466; baseline -0.001 -19"><span class='ocrx_word' id='word_1_497' title='bbox 70 4386 142 4447; x_wconf 82' lang='lat' dir='ltr'><strong>bere</strong></span> <span class='ocrx_word' id='word_1_498' title='bbox 161 4385 372 4465; x_wconf 82' lang='lat' dir='ltr'><strong>possidebunt</strong></span> <span class='ocrx_word' id='word_1_499' title='bbox 414 4386 548 4451; x_wconf 81' lang='lat' dir='ltr'><strong>Coniero</strong></span> <span class='ocrx_word' id='word_1_500' title='bbox 570 4390 665 4450; x_wconf 86' lang='lat' dir='ltr'><strong>eciam</strong></span> <span class='ocrx_word' id='word_1_501' title='bbox 689 4389 747 4450; x_wconf 92' lang='lat' dir='ltr'><strong>eis·</strong></span> <span class='ocrx_word' id='word_1_502' title='bbox 790 4390 939 4466; x_wconf 77' lang='lat' dir='ltr'><strong>Biscltoff,</strong></span> <span class='ocrx_word' id='word_1_503' title='bbox 962 4387 1165 4449; x_wconf 90' lang='lat' dir='ltr'><strong>Oesterreicb.</strong></span> <span class='ocrx_word' id='word_1_504' title='bbox 1189 4385 1382 4447; x_wconf 83' lang='lat' dir='ltr'><strong>Stadtreahte</strong></span> <span class='ocrx_word' id='word_1_505' title='bbox 1405 4385 1435 4446; x_wconf 83' lang='lat' dir='ltr'><strong>S.</strong></span> <span class='ocrx_word' id='word_1_506' title='bbox 1455 4388 1485 4449; x_wconf 85' lang='grc'><strong>9.</strong></span> 
     </span>
     <span class='ocr_line' id='line_1_48' title="bbox 70 4465 746 4532; baseline 0 -2"><span class='ocrx_word' id='word_1_507' title='bbox 70 4465 195 4530; x_wconf 81' lang='lat' dir='ltr'><strong>delibus</strong></span> <span class='ocrx_word' id='word_1_508' title='bbox 223 4469 299 4530; x_wconf 92' lang='lat' dir='ltr'><strong>meis</strong></span> <span class='ocrx_word' id='word_1_509' title='bbox 327 4469 536 4531; x_wconf 89' lang='lat' dir='ltr'><strong>molendinum</strong></span> <span class='ocrx_word' id='word_1_510' title='bbox 564 4492 656 4532; x_wconf 92' lang='lat' dir='ltr'><strong>unum</strong></span> <span class='ocrx_word' id='word_1_511' title='bbox 678 4490 746 4532; x_wconf 90' lang='lat' dir='ltr'><strong>cum</strong></span> 
     </span>
     <span class='ocr_line' id='line_1_49' title="bbox 70 4549 1580 4634; baseline 0 -25"><span class='ocrx_word' id='word_1_512' title='bbox 70 4573 74 4609; x_wconf 82' lang='grc' dir='ltr'>ι</span> <span class='ocrx_word' id='word_1_513' title='bbox 96 4552 172 4612; x_wconf 90' lang='lat' dir='ltr'><strong>rotis</strong></span> <span class='ocrx_word' id='word_1_514' title='bbox 200 4551 330 4613; x_wconf 90' lang='lat' dir='ltr'><strong>liberum</strong></span> <span class='ocrx_word' id='word_1_515' title='bbox 352 4553 425 4633; x_wconf 89' lang='lat' dir='ltr'><strong>ipsis</strong></span> <span class='ocrx_word' id='word_1_516' title='bbox 447 4562 604 4615; x_wconf 91' lang='lat' dir='ltr'><strong>eteorum</strong></span> <span class='ocrx_word' id='word_1_517' title='bbox 629 4574 747 4615; x_wconf 90' lang='lat' dir='ltr'><strong>succes·</strong></span> <span class='ocrx_word' id='word_1_518' title='bbox 1078 4549 1290 4634; x_wconf 77' lang='lat' dir='ltr'><strong>Braunsbsrg.</strong></span> <span class='ocrx_word' id='word_1_519' title='bbox 1448 4549 1580 4611; x_wconf 78' lang='lat' dir='ltr'><strong>cxxix.</strong></span> 
     </span>
     <span class='ocr_line' id='line_1_50' title="bbox 70 4635 1279 4719; baseline 0.011 -24"><span class='ocrx_word' id='word_1_520' title='bbox 70 4656 76 4695; x_wconf 86' lang='grc' dir='ltr'>ι</span> <span class='ocrx_word' id='word_1_521' title='bbox 110 4635 144 4694; x_wconf 82' lang='grc' dir='ltr'><strong>ιιι</strong></span> <span class='ocrx_word' id='word_1_522' title='bbox 170 4642 351 4716; x_wconf 86' lang='lat' dir='ltr'><strong>perpetuum</strong></span> <span class='ocrx_word' id='word_1_523' title='bbox 385 4635 481 4697; x_wconf 90' lang='lat' dir='ltr'><strong>libere</strong></span> <span class='ocrx_word' id='word_1_524' title='bbox 517 4637 746 4718; x_wconf 88' lang='lat' dir='ltr'><strong>possidendum.</strong></span> <span class='ocrx_word' id='word_1_525' title='bbox 1107 4666 1279 4719; x_wconf 62' lang='lat' dir='ltr'><strong>(onmem.)</strong></span> 
     </span>
     <span class='ocr_line' id='line_1_51' title="bbox 70 4717 747 4800; baseline 0.004 -22"><span class='ocrx_word' id='word_1_526' title='bbox 70 4717 166 4778; x_wconf 81' lang='lat' dir='ltr'><strong>eciam</strong></span> <span class='ocrx_word' id='word_1_527' title='bbox 188 4717 304 4779; x_wconf 89' lang='lat' dir='ltr'><strong>eisdem</strong></span> <span class='ocrx_word' id='word_1_528' title='bbox 319 4717 459 4780; x_wconf 76' lang='lat' dir='ltr'><strong>fidelibus</strong></span> <span class='ocrx_word' id='word_1_529' title='bbox 481 4721 557 4781; x_wconf 90' lang='lat' dir='ltr'><strong>meis</strong></span> <span class='ocrx_word' id='word_1_530' title='bbox 580 4739 747 4800; x_wconf 89' lang='lat' dir='ltr'><strong>eorumque</strong></span> 
     </span>
     <span class='ocr_line' id='line_1_52' title="bbox 70 4799 1578 4884; baseline -0.001 -21"><span class='ocrx_word' id='word_1_531' title='bbox 70 4799 187 4863; x_wconf 79' lang='lat' dir='ltr'><strong>mribus</strong></span> <span class='ocrx_word' id='word_1_532' title='bbox 202 4800 322 4863; x_wconf 89' lang='lat' dir='ltr'><strong>stubam</strong></span> <span class='ocrx_word' id='word_1_533' title='bbox 344 4821 436 4862; x_wconf 83' lang='lat' dir='ltr'><strong>unam</strong></span> <span class='ocrx_word' id='word_1_534' title='bbox 452 4801 630 4865; x_wconf 89' lang='lat' dir='ltr'><strong>balniariam</strong></span> <span class='ocrx_word' id='word_1_535' title='bbox 652 4803 747 4866; x_wconf 89' lang='lat' dir='ltr'><strong>libere</strong></span> <span class='ocrx_word' id='word_1_536' title='bbox 873 4809 962 4884; x_wconf 64' lang='lat' dir='ltr'><strong>ml,</strong></span> <span class='ocrx_word' id='word_1_537' title='bbox 984 4805 1066 4866; x_wconf 80' lang='lat' dir='ltr'><strong>littra</strong></span> <span class='ocrx_word' id='word_1_538' title='bbox 1085 4805 1134 4867; x_wconf 83' lang='lat'><strong>29.</strong></span> <span class='ocrx_word' id='word_1_539' title='bbox 1163 4802 1292 4864; x_wconf 87' lang='lat' dir='ltr'><strong>Bischoi</strong></span> <span class='ocrx_word' id='word_1_540' title='bbox 1300 4802 1483 4863; x_wconf 87' lang='lat' dir='ltr'><strong>Heinrich</strong></span> <span class='ocrx_word' id='word_1_541' title='bbox 1507 4821 1578 4862; x_wconf 89' lang='lat' dir='ltr'><strong>von</strong></span> 
     </span>
     <span class='ocr_line' id='line_1_53' title="bbox 70 4881 1637 4966; baseline -0.001 -21"><span class='ocrx_word' id='word_1_542' title='bbox 70 4881 188 4945; x_wconf 82' lang='lat' dir='ltr'><strong>endam.</strong></span> <span class='ocrx_word' id='word_1_543' title='bbox 230 4882 352 4946; x_wconf 86' lang='lat' dir='ltr'><strong>Debent</strong></span> <span class='ocrx_word' id='word_1_544' title='bbox 373 4892 474 4946; x_wconf 87' lang='lat' dir='ltr'><strong>autem</strong></span> <span class='ocrx_word' id='word_1_545' title='bbox 498 4887 555 4966; x_wconf 90' lang='lat' dir='ltr'><strong>ipsi</strong></span> <span class='ocrx_word' id='word_1_546' title='bbox 578 4886 685 4947; x_wconf 91' lang='lat' dir='ltr'><strong>ildeles</strong></span> <span class='ocrx_word' id='word_1_547' title='bbox 706 4887 748 4946; x_wconf 92' lang='lat' dir='ltr'><strong>iu·</strong></span> <span class='ocrx_word' id='word_1_548' title='bbox 790 4888 997 4951; x_wconf 83' lang='lat' dir='ltr'><strong>lirmeland</strong></span> <span class='ocrx_word' id='word_1_549' title='bbox 1015 4885 1579 4965; x_wconf 81' lang='lat' dir='ltr'><strong>verleihtseinenBtlrgerninBrauns-</strong></span> <span class='ocrx_word' id='word_1_550' title='bbox 1622 4900 1637 4960; x_wconf 87' lang='lat'>1</span> 
     </span>
     <span class='ocr_line' id='line_1_54' title="bbox 70 4966 1579 5054; baseline 0 -26"><span class='ocrx_word' id='word_1_551' title='bbox 70 4966 127 5028; x_wconf 85' lang='lat' dir='ltr'><strong>mei</strong></span> <span class='ocrx_word' id='word_1_552' title='bbox 149 4973 279 5045; x_wconf 88' lang='lat' dir='ltr'><strong>quatuor</strong></span> <span class='ocrx_word' id='word_1_553' title='bbox 300 4967 446 5029; x_wconf 87' lang='lat' dir='ltr'><strong>macellas</strong></span> <span class='ocrx_word' id='word_1_554' title='bbox 468 4968 596 5048; x_wconf 84' lang='lat' dir='ltr'><strong>liberas,</strong></span> <span class='ocrx_word' id='word_1_555' title='bbox 619 4976 750 5050; x_wconf 91' lang='lat' dir='ltr'><strong>quatuor</strong></span> <span class='ocrx_word' id='word_1_556' title='bbox 791 4973 867 5054; x_wconf 85' lang='lat' dir='ltr'><strong>berg</strong></span> <span class='ocrx_word' id='word_1_557' title='bbox 897 4977 986 5031; x_wconf 91' lang='lat' dir='ltr'><strong>unter</strong></span> <span class='ocrx_word' id='word_1_558' title='bbox 1013 4970 1081 5030; x_wconf 87' lang='lat' dir='ltr'><strong>dem</strong></span> <span class='ocrx_word' id='word_1_559' title='bbox 1108 4967 1228 5028; x_wconf 84' lang='lat' dir='ltr'><strong>Namen</strong></span> <span class='ocrx_word' id='word_1_560' title='bbox 1258 4966 1313 5029; x_wconf 91' lang='lat' dir='ltr'><strong>der</strong></span> <span class='ocrx_word' id='word_1_561' title='bbox 1341 4966 1429 5028; x_wconf 81' lang='lat' dir='ltr'><strong>Stadt</strong></span> <span class='ocrx_word' id='word_1_562' title='bbox 1450 4968 1579 5028; x_wconf 69' lang='lat' dir='ltr'><strong>Brenno</strong></span> 
     </span>
     <span class='ocr_line' id='line_1_55' title="bbox 70 5048 1582 5135; baseline 0.002 -28"><span class='ocrx_word' id='word_1_563' title='bbox 70 5075 89 5126; x_wconf 78' lang='grc' dir='ltr'>ι,</span> <span class='ocrx_word' id='word_1_564' title='bbox 110 5049 142 5110; x_wconf 89' lang='lat' dir='ltr'><strong>in</strong></span> <span class='ocrx_word' id='word_1_565' title='bbox 163 5048 273 5128; x_wconf 86' lang='lat' dir='ltr'><strong>quibus</strong></span> <span class='ocrx_word' id='word_1_566' title='bbox 286 5069 384 5129; x_wconf 86' lang='lat' dir='ltr'><strong>panes</strong></span> <span class='ocrx_word' id='word_1_567' title='bbox 405 5050 507 5111; x_wconf 92' lang='lat' dir='ltr'><strong>solent</strong></span> <span class='ocrx_word' id='word_1_568' title='bbox 528 5051 630 5131; x_wconf 79' lang='lat' dir='ltr'><strong>vendi,</strong></span> <span class='ocrx_word' id='word_1_569' title='bbox 652 5052 748 5113; x_wconf 91' lang='lat' dir='ltr'><strong>eciam</strong></span> <span class='ocrx_word' id='word_1_570' title='bbox 793 5056 867 5135; x_wconf 85' lang='lat' dir='ltr'><strong>berg</strong></span> <span class='ocrx_word' id='word_1_571' title='bbox 887 5053 948 5114; x_wconf 92' lang='lat' dir='ltr'><strong>alle</strong></span> <span class='ocrx_word' id='word_1_572' title='bbox 969 5053 1083 5126; x_wconf 80' lang='lat' dir='ltr'><strong>Helen,</strong></span> <span class='ocrx_word' id='word_1_573' title='bbox 1113 5049 1232 5110; x_wconf 83' lang='lat' dir='ltr'><strong>welche</strong></span> <span class='ocrx_word' id='word_1_574' title='bbox 1262 5068 1295 5109; x_wconf 92' lang='lat' dir='ltr'><strong>er</strong></span> <span class='ocrx_word' id='word_1_575' title='bbox 1316 5049 1412 5110; x_wconf 90' lang='lat' dir='ltr'><strong>selbst</strong></span> <span class='ocrx_word' id='word_1_576' title='bbox 1433 5052 1464 5111; x_wconf 93' lang='lat' dir='ltr'><strong>in</strong></span> <span class='ocrx_word' id='word_1_577' title='bbox 1486 5050 1582 5111; x_wconf 76' lang='lat' dir='ltr'><strong>nhher</strong></span> 
     </span>
    </p>
   </div>
   <div class='ocr_carea' id='block_1_3' title="bbox 70 5130 1583 5468">
    <p class='ocr_par' dir='ltr' id='par_1_6' title="bbox 70 5130 1583 5468">
     <span class='ocr_line' id='line_1_56' title="bbox 70 5130 1583 5214; baseline 0.001 -21"><span class='ocrx_word' id='word_1_578' title='bbox 70 5153 90 5193; x_wconf 77' lang='lat' dir='ltr'><strong>»r</strong></span> <span class='ocrx_word' id='word_1_579' title='bbox 108 5130 237 5211; x_wconf 77' lang='lat' dir='ltr'><strong>bmcos,</strong></span> <span class='ocrx_word' id='word_1_580' title='bbox 259 5133 290 5193; x_wconf 92' lang='lat' dir='ltr'><strong>in</strong></span> <span class='ocrx_word' id='word_1_581' title='bbox 306 5132 415 5214; x_wconf 86' lang='lat' dir='ltr'><strong>quibus</strong></span> <span class='ocrx_word' id='word_1_582' title='bbox 427 5133 523 5195; x_wconf 87' lang='lat' dir='ltr'><strong>calcei</strong></span> <span class='ocrx_word' id='word_1_583' title='bbox 534 5135 636 5197; x_wconf 87' lang='lat' dir='ltr'><strong>solent</strong></span> <span class='ocrx_word' id='word_1_584' title='bbox 648 5133 749 5212; x_wconf 86' lang='lat' dir='ltr'><strong>vendi,</strong></span> <span class='ocrx_word' id='word_1_585' title='bbox 791 5136 1008 5201; x_wconf 80' lang='lat' dir='ltr'><strong>bezeichneteu</strong></span> <span class='ocrx_word' id='word_1_586' title='bbox 1032 5133 1172 5194; x_wconf 72' lang='lat' dir='ltr'><strong>(irenaen</strong></span> <span class='ocrx_word' id='word_1_587' title='bbox 1200 5132 1397 5214; x_wconf 82' lang='lat' dir='ltr'><strong>angewiesen</strong></span> <span class='ocrx_word' id='word_1_588' title='bbox 1426 5133 1493 5210; x_wconf 86' lang='lat' dir='ltr'><strong>bat,</strong></span> <span class='ocrx_word' id='word_1_589' title='bbox 1527 5134 1583 5194; x_wconf 94' lang='lat' dir='ltr'><strong>mit</strong></span> 
     </span>
     <span class='ocr_line' id='line_1_57' title="bbox 70 5213 1580 5299; baseline 0.004 -28"><span class='ocrx_word' id='word_1_590' title='bbox 70 5214 229 5278; x_wconf 73' lang='lat' dir='ltr'><strong>robtiuere</strong></span> <span class='ocrx_word' id='word_1_591' title='bbox 243 5216 304 5299; x_wconf 88' lang='lat' dir='ltr'><strong>ipsi</strong></span> <span class='ocrx_word' id='word_1_592' title='bbox 331 5216 707 5297; x_wconf 82' lang='lat' dir='ltr'><strong>eorumqnelsncoessores</strong></span> <span class='ocrx_word' id='word_1_593' title='bbox 720 5219 750 5279; x_wconf 92' lang='lat' dir='ltr'><strong>in</strong></span> <span class='ocrx_word' id='word_1_594' title='bbox 791 5221 871 5282; x_wconf 92' lang='lat' dir='ltr'><strong>allen</strong></span> <span class='ocrx_word' id='word_1_595' title='bbox 893 5218 1085 5299; x_wconf 81' lang='lat' dir='ltr'><strong>liutanngen‚</strong></span> <span class='ocrx_word' id='word_1_596' title='bbox 1109 5213 1351 5296; x_wconf 76' lang='lat' dir='ltr'><strong>nurBiberjsgd,</strong></span> <span class='ocrx_word' id='word_1_597' title='bbox 1372 5215 1498 5276; x_wconf 81' lang='lat' dir='ltr'><strong>Metelle</strong></span> <span class='ocrx_word' id='word_1_598' title='bbox 1520 5214 1580 5277; x_wconf 89' lang='lat' dir='ltr'><strong>und</strong></span> 
     </span>
     <span class='ocr_line' id='line_1_58' title="bbox 70 5296 1581 5397; baseline 0.002 -38"><span class='ocrx_word' id='word_1_599' title='bbox 70 5297 594 5397; x_wconf 77' lang='lat' dir='ltr'><strong>numliberepossidendnm,Preter</strong></span> <span class='ocrx_word' id='word_1_600' title='bbox 602 5302 749 5363; x_wconf 88' lang='lat' dir='ltr'><strong>maiorem</strong></span> <span class='ocrx_word' id='word_1_601' title='bbox 791 5304 861 5367; x_wconf 80' lang='lat' dir='ltr'><strong>Saln</strong></span> <span class='ocrx_word' id='word_1_602' title='bbox 892 5317 1150 5384; x_wconf 82' lang='lat' dir='ltr'><strong>ausgenommen‚</strong></span> <span class='ocrx_word' id='word_1_603' title='bbox 1184 5299 1263 5359; x_wconf 89' lang='lat' dir='ltr'><strong>nach</strong></span> <span class='ocrx_word' id='word_1_604' title='bbox 1295 5296 1436 5362; x_wconf 82' lang='lat' dir='ltr'><strong>lilisslen</strong></span> <span class='ocrx_word' id='word_1_605' title='bbox 1464 5299 1581 5362; x_wconf 84' lang='lat' dir='ltr'><strong>Rechts</strong></span> 
     </span>
     <span class='ocr_line' id='line_1_59' title="bbox 114 5379 1582 5468; baseline 0 -23"><span class='ocrx_word' id='word_1_606' title='bbox 114 5380 232 5445; x_wconf 77' lang='lat' dir='ltr'><strong>eisdam</strong></span> <span class='ocrx_word' id='word_1_607' title='bbox 248 5381 447 5464; x_wconf 76' lang='lat' dir='ltr'><strong>inpendendo</strong></span> <span class='ocrx_word' id='word_1_608' title='bbox 469 5383 595 5447; x_wconf 80' lang='lat' dir='ltr'><strong>contero</strong></span> <span class='ocrx_word' id='word_1_609' title='bbox 620 5385 653 5446; x_wconf 90' lang='lat' dir='ltr'><strong>in</strong></span> <span class='ocrx_word' id='word_1_610' title='bbox 670 5383 745 5446; x_wconf 78' lang='lat' dir='ltr'><strong>villa</strong></span> <span class='ocrx_word' id='word_1_611' title='bbox 791 5405 829 5449; x_wconf 78' lang='lat' dir='ltr'><strong>an</strong></span> <span class='ocrx_word' id='word_1_612' title='bbox 844 5386 975 5468; x_wconf 77' lang='lat' dir='ltr'><strong>ewigem</strong></span> <span class='ocrx_word' id='word_1_613' title='bbox 987 5379 1124 5460; x_wconf 65' lang='lat' dir='ltr'><strong>Besitasf3</strong></span> <span class='ocrx_word' id='word_1_614' title='bbox 1145 5380 1311 5460; x_wconf 85' lang='lat' dir='ltr'><strong>bestimmt,</strong></span> <span class='ocrx_word' id='word_1_615' title='bbox 1332 5400 1399 5444; x_wconf 78' lang='lat' dir='ltr'><strong>was</strong></span> <span class='ocrx_word' id='word_1_616' title='bbox 1413 5401 1468 5444; x_wconf 86' lang='lat' dir='ltr'><strong>sur</strong></span> <span class='ocrx_word' id='word_1_617' title='bbox 1482 5381 1582 5446; x_wconf 72' lang='lat' dir='ltr'><strong>sads</strong></span> 
     </span>
    </p>
   </div>
   <div class='ocr_carea' id='block_1_4' title="bbox 0 0 1778 5826">
    <p class='ocr_par' dir='ltr' id='par_1_7' title="bbox 0 0 1778 5826">
     <span class='ocr_line' id='line_1_60' title="bbox 0 0 1778 5826; baseline 0 0"><span class='ocrx_word' id='word_1_618' title='bbox 0 0 1778 5826; x_wconf 95' lang='lat' dir='ltr'><strong> </strong></span> 
     </span>
    </p>
   </div>
  </div>
 </body>
</html>
