3548 5826
147 250 211 330 321
911 251 1038 319 ltrsmsu.

150 417 283 501 pedagio
318 423 468 499 perpetuo
502 410 588 479 liberi
624 415 855 498 permanebunt.
897 454 934 464 —-
980 425 1085 480 nostre
1116 417 1225 479 decani
1255 410 1458 498 consulesque
1487 412 1644 500 recipient.
1688 414 1772 481 Alio·

151 505 225 564 ltem
248 509 371 575 stratam
401 503 517 583 regiam
539 522 558 562 a
579 503 661 561 sslsc
689 501 757 562 lacu
780 521 875 582 usque
898 503 935 562 nd
980 504 1051 582 quin
1074 501 1251 581 parrochia,
1280 500 1319 561 de
1341 521 1401 581 qus
1423 502 1541 579 nephas
1564 509 1772 582 perpetratum

151 586 304 647 civitatem
319 585 513 644 Brernensem
536 591 596 644 tam
619 604 674 664 per
694 586 759 645 vias
779 593 937 664 equestres
980 606 1048 645 esse
1071 584 1253 662 dinoscitur,
1289 593 1349 643 tam
1379 585 1430 644 diu
1459 584 1586 664 divinis,
1619 587 1699 646 sicut
1721 605 1759 666 pe

151 687 240 748 quam
259 675 416 728 terrestres
433 669 605 747 inutraque
627 674 713 748 parte
727 667 847 728 Wisere
869 687 936 727 cnm
979 668 1133 728 arbitrium
1156 668 1348 747 elegerimus,
1372 667 1496 745 carebit,
1520 667 1621 729 donec
1641 669 1772 749 spolium

151 752 234 812 omni
255 751 458 832 possibilitate
477 750 834 831 nostrapscillcabimus.
861 751 935 811 item
979 754 1018 811 sit
1044 752 1214 811 restitutum
1246 758 1276 810 et
1309 759 1429 810 centum
1466 771 1566 811 marce
1596 754 1655 832 inm
1694 752 1768 812 dic

151 835 176 894 si
199 834 249 913 qui
273 833 440 913 burgenses
462 835 491 892 in
515 841 719 894 terrenostrc
742 833 824 893 bona
845 834 937 894 habu·
980 833 1146 913 persolute.
1191 839 1217 906 5.
1242 838 1269 896 2.
1298 834 1372 893 Item
1395 835 1568 913 quicunque
1596 834 1635 896 de
1656 843 1754 897 nost

153 919 249 994 erint,
272 917 336 976 sive
358 918 418 976 sint
440 919 562 997 propria
585 918 651 975 sive
673 917 768 976 libera
789 918 854 976 sive
876 918 938 977 feo·
982 917 1059 976 tibus
1083 936 1120 975 ex
1149 917 1332 992 infortunio,
1366 918 1431 975 sive
1453 927 1541 994 entra
1569 926 1679 979 terram
1711 921 1774 980 siv

152 999 240 1078 dats,
272 1008 303 1059 et
324 1001 349 1058 si
378 1001 407 1058 in
439 1001 483 1058 eis
505 1000 542 1059 ab
570 999 722 1078 aliquibus
748 999 937 1059 obstaculum
982 1000 1060 1060 intra
1081 1008 1206 1076 terram,
1236 1000 1365 1078 aliquem
1396 999 1434 1059 de
1456 1000 1673 1062 Bremensibus
1697 1004 1764 1062 occi

173 1084 326 1161 sciuntur,
353 1093 425 1142 tunc
447 1103 537 1162 super
563 1083 633 1162 ipsa
661 1082 741 1142 bonu
764 1084 868 1143 venire
891 1082 939 1143 de·
982 1083 1068 1159 derit,
1093 1083 1116 1141 si
1140 1081 1322 1162 dijudicatur
1339 1083 1368 1140 in
1387 1083 1447 1158 ills,
1469 1092 1614 1163 sequetur
1629 1084 1762 1145 emendo

151 1103 237 1244 hent,
259 1173 291 1225 et
308 1166 497 1244 presentibus
511 1165 599 1225 nobis
617 1164 723 1224 eadem
738 1164 829 1241 bona,
852 1172 942 1246 prout
984 1167 1008 1225 si
1035 1186 1109 1225 vcro
1144 1164 1325 1245 dijudicatus
1356 1184 1416 1223 non
1445 1165 1549 1244 fuerit,
1582 1169 1635 1227 xvi
1666 1170 1771 1227 marci

148 1251 264 1329 justum
293 1256 357 1325 est,
390 1248 517 1328 perdere
550 1249 597 1308 vel
632 1250 780 1328 optinere.
824 1248 940 1308 Eodem
985 1249 1101 1328 prefate
1129 1256 1252 1307 monete
1274 1249 1408 1307 occisum
1432 1248 1548 1309 reddet.
1593 1255 1620 1322 5.
1643 1253 1672 1314 3.
1700 1251 1745 1310 lte

147 1334 216 1412 jure
238 1350 295 1391 nos
319 1337 350 1391 et
372 1333 466 1391 nostri
485 1332 625 1391 homines
650 1333 679 1390 in
703 1331 812 1390 Brems
833 1332 944 1411 gaude·
987 1333 1011 1390 si
1026 1331 1174 1409 quispiam
1198 1351 1236 1390 ex
1260 1331 1629 1412 nost-ratibusquempiam
1654 1334 1695 1393 de
1711 1332 1765 1393 bur

154 1414 264 1475 bimus.
308 1414 381 1474 item
413 1415 438 1473 si
468 1415 497 1473 in
527 1414 639 1473 nostris
672 1415 757 1473 terris
789 1416 854 1493 quis
878 1435 944 1494 pro·
986 1413 1130 1494 gensibus
1160 1413 1373 1473 Bremensibus
1403 1415 1603 1491 mutilaverit,
1639 1416 1756 1476 debili

157 1497 286 1577 scriptus
309 1496 414 1573 fuerit,
448 1499 477 1556 in
501 1498 623 1556 civitate
653 1516 776 1556 manere
810 1518 872 1556 non
895 1498 944 1557 de·
987 1497 1077 1573 verit,
1107 1496 1326 1572 vulneraverit,
1348 1497 1453 1575 alapas
1483 1497 1616 1575 dederit,
1643 1500 1693 1559 vel
1716 1499 1770 1559 ati·

155 1580 224 1657 bet,
246 1582 323 1639 etsi
346 1580 522 1639 incivitate
545 1580 727 1639 sententiam
749 1582 945 1660 proscriptio·
989 1598 1181 1658 quocumque
1201 1578 1297 1643 modo
1321 1579 1482 1639 inhoneste
1505 1584 1691 1660 tractaverit,
1717 1582 1765 1643 nbi

154 1664 203 1723 uis
239 1681 403 1743 perpessus
436 1665 474 1722 sit
501 1663 626 1742 aliquis,
660 1665 691 1721 in
721 1664 807 1723 terris
832 1665 944 1724 nostris
987 1681 1116 1741 cumque
1151 1661 1288 1721 locorum
1330 1663 1494 1741 acciderit,
1535 1674 1628 1744 prout
1653 1666 1766 1745 justici

151 1765 213 1807 non
240 1746 534 1825 debetpermnnere.
553 1781 587 1789 -
612 1747 686 1806 ltem
710 1766 817 1806 omnes
840 1752 944 1806 nostre
986 1745 1121 1825 ejusdem
1161 1744 1221 1805 loci
1261 1746 1399 1823 requirit,
1442 1747 1627 1807 emendabit.
1694 1754 1720 1821 5.
1744 1749 1771 1809 1.

152 1829 342 1905 municionis,
365 1830 518 1906 civitates,
542 1829 630 1888 urbes
653 1837 684 1889 et
701 1837 800 1889 castra
817 1830 944 1909 burgen·
986 1829 1060 1888 Item
1096 1829 1120 1886 si
1149 1827 1187 1887 ab
1210 1828 1440 1908 archiepiscopo
1463 1829 1621 1890 Bremensi
1655 1851 1707 1891 serr
1734 1830 1769 1889 ab

152 1912 234 1973 sibus
260 1913 473 1972 Bremensihus
505 1912 542 1971 nd
576 1912 740 1972 commoda
771 1933 826 1972 sua
861 1920 943 1992 pate·
987 1912 1089 1990 aliquo
1117 1930 1172 1970 suo
1215 1911 1245 1970 in
1274 1912 1396 1971 civitate
1420 1911 1576 1972 Bremensi
1612 1915 1769 1974 constituto

153 1995 245 2073 bunt,
268 1993 508 2054 similiternobis
531 1995 875 2055 etnostrishominibus
898 1998 938 2056 oi·
988 1995 1173 2054 nostratibus
1203 1993 1326 2072 aliquod
1355 1995 1597 2072 perturbacionis
1619 1999 1772 2077 irrogatur,

152 2079 231 2138 vitas
254 2078 437 2138 Bremensis.
480 2078 553 2138 Item
578 2079 749 2157 quicunque
772 2078 938 2159 burgenses
989 2078 1039 2136 hic
1060 2078 1156 2137 eciam
1180 2076 1372 2136 emendatum
1395 2077 1507 2137 hebere
1530 2078 1688 2157 volumus,
1709 2085 1774 2139 et-

153 2159 288 2221 indebite
317 2180 447 2241 gravare
477 2161 621 2238 voluerit,
651 2180 708 2221 nos
736 2169 843 2222 contrn
868 2162 937 2222 illos
980 2179 1141 2220 converse.
1201 2165 1227 2232 ς.
1258 2165 1286 2222 b.
1320 2159 1352 2218 Si
1380 2160 1475 2220 abbas
1508 2161 1556 2220 vel
1588 2161 1697 2222 decani
1724 2180 1774 2222 se

153 2235 745 2324 preter'archiepiscopumBremensem
768 2246 937 2305 cumomni
979 2244 1029 2303 olii
1056 2242 1165 2323 prelati
1196 2250 1274 2302 terre
1296 2241 1481 2322 Emesgonie
1504 2245 1687 2305 Bremeuses
1714 2244 1765 2304 ali·

153 2326 265 2387 robore
278 2335 384 2386 nostro
399 2327 597 2406 burgensibus
610 2327 756 2387 debemus
778 2329 937 2404 assistere,
979 2334 1127 2405 quatenns
1149 2326 1375 2401 infestaverint,
1399 2326 1448 2385 hio
1470 2328 1702 2404 Bremensibus,
1730 2327 1765 2386 si·

154 2409 292 2470 similiter
322 2409 487 2490 burgenses
520 2429 578 2469 nos
613 2429 679 2469 cum
717 2409 845 2469 navibus
875 2412 937 2469 suis
979 2410 1169 2485 cutdictum,
1187 2407 1406 2468 emendabitur.
1435 2416 1461 2482 §.
1485 2416 1513 2473 6.
1542 2411 1765 2470 Videsteciam

153 2501 260 2553 contra
281 2492 433 2572 quoslibet
460 2500 562 2571 preter
584 2493 846 2572 archiepiscopum
868 2494 937 2552 Bre-
979 2491 1118 2571 quilibet,
1152 2510 1218 2551 cnm
1243 2511 1303 2570 quo
1327 2499 1460 2552 mutuum
1484 2493 1661 2569 contrahat,
1689 2494 1766 2573 quin,

153 2594 289 2636 mensem
312 2575 613 2654 debentsdjuvarc.“
645 2574 838 2635 Schliesslich
862 2575 936 2635 wird
980 2577 1004 2634 si
1033 2574 1166 2634 accredit
1198 2574 1318 2634 solvere
1345 2594 1406 2634 non
1440 2577 1568 2654 valenti,
1601 2575 1765 2637 dummodo

152 2657 233 2719 noch
257 2657 453 2720 verabredet:
478 2660 522 2729 „si
547 2678 619 2718 vero
642 2659 846 2737 predictorum
870 2660 937 2718 arti·
975 2658 1094 2738 justitia
1121 2677 1183 2716 uon
1217 2658 1398 2738 denegetur,
1431 2659 1529 2719 eidem
1559 2660 1659 2719 nullas
1682 2678 1766 2720 occu·

153 2742 289 2802 culorum
312 2741 419 2819 aliquis
447 2741 591 2800 infractus
613 2741 716 2817 fuerit,
746 2741 874 2820 proinde
897 2742 938 2800 in·
980 2741 1126 2821 pociones
1140 2760 1193 2799 seu
1208 2742 1457 2820 perturbaciones
1480 2741 1644 2802 hincinde
1666 2742 1764 2803 decre

154 2825 200 2885 fre
221 2824 448 2905 quatuordecim
480 2824 544 2883 dies
576 2826 604 2883 iu
627 2822 806 2884 Oclrmunde
829 2844 939 2884 conve·
982 2825 1080 2883 vimus
1098 2825 1256 2899 sustinere,
1279 2834 1309 2884 et
1331 2825 1402 2884 licet
1423 2825 1545 2904 quidam
1566 2825 1720 2885 excedant
1739 2834 1766 2884 et

153 2909 288 2976 niemus,
317 2926 378 2966 non
404 2905 582 2986 separandi,
616 2907 673 2966 nisi
705 2909 744 2966 sit
771 2908 869 2967 amice
891 2909 939 2968 vel
982 2908 1182 2983 satisfaciant,
1205 2909 1276 2987 quin
1298 2908 1436 2967 homines
1458 2928 1562 2971 sumus
1585 2916 1617 2968 et
1638 2929 1700 2969 non
1720 2928 1765 2968 an·

148 2993 232 3072 juste
255 2990 572 3070 complanetum“³⁵).
609 2993 722 3067 t'nsrcl,
745 2989 869 3050 Samml.
888 3012 939 3050 un·
982 2990 1058 3070 geli,
1082 2998 1183 3049 tamen
1205 2999 1329 3070 propter
1350 2991 1407 3050 hec
1420 2993 1682 3070 composicionem
1705 3010 1765 3073 pre-

154 3072 238 3154 gedr.
261 3072 355 3134 Urklr.
379 3073 408 3134 S.
432 3074 578 3136 37-41,
621 3073 891 3134 luhsltsilbersicht
912 3075 939 3135 b.
982 3075 1073 3132 fatam
1098 3073 1238 3132 volumus
1270 3073 1447 3146 observare,
1479 3083 1512 3133 ut
1533 3076 1577 3134 sic
1607 3093 1685 3155 pace
1706 3094 1765 3154 per·

155 3159 266 3217 nance
287 3176 314 3216 s.
337 3177 364 3215 ιι.
387 3155 422 3216 Ο.
445 3155 556 3233 8169,
580 3160 628 3221 70.
982 3164 1074 3236 petua
1095 3154 1312 3235 gaudeamus“.
1358 3161 1472 3233 Cnssel,
1500 3157 1624 3217 Samml.
1647 3157 1766 3239 nngedr.

95 3269 135 3333 23
235 3241 330 3315 lton,
353 3239 493 3301 Mbrzlf.
523 3239 619 3298 Rath
641 3238 858 3321 undBttrger
880 3260 940 3299 vnn
983 3238 1295 3302 Urkhsnrt—tl.

153 3321 940 3403 BremengestehennquntragderGrttlinMarge·
1065 3324 1158 3397 1258,
1194 3322 1263 3380 lun.
1321 3322 1503 3382 flrzbischof
1533 3322 1708 3383 Gerhard
1734 3321 1766 3382 11.

152 3405 240 3466 rethe
254 3403 542 3465 vonFlandernund
557 3405 940 3466 ihresSolmeanidoden
984 3426 1043 3464 von
1066 3406 1211 3478 Rremen,
1244 3407 1307 3464 sein
1336 3405 1487 3485 Capitol
1515 3406 1574 3465 und
1604 3408 1689 3466 scine
1711 3405 1766 3466 Mi·

152 3488 251 3548 indas
264 3487 825 3567 GebietderStadteingewnnderteu
845 3508 940 3567 „mer-
983 3487 1236 3560 nisterialen,
1267 3489 1367 3547 semer
1387 3488 1465 3547 Grnf
1481 3489 1679 3550 lohannes
1703 3507 1765 3548 von

153 3570 940 3650 catoresFlsndrie‘·gewisseFreihciteuzu.Sar·
984 3570 1206 3650 Oldenbnrg
1234 3571 1294 3629 und
1329 3570 1394 3631 der
1415 3571 1511 3631 Rath
1544 3582 1683 3632 snnrmt
1708 3572 1766 3631 der

153 3656 455 3731 torius-anpenberp
471 3674 497 3714 a.
512 3673 538 3714 a.
554 3652 588 3713 Ο.
599 3653 753 3715 NnXXlll
764 3655 793 3714 S.
809 3658 941 3718 nil-71.
984 3651 1194 3713 Gemeinde
1217 3653 1283 3712 dor
1306 3653 1415 3713 Stadt
1437 3655 1594 3714 Bremen
1619 3654 1766 3716 vereinba·

238 3739 335 3809 1255,
360 3737 433 3814 Apr.
462 3739 504 3798 lll.
549 3737 605 3796 Die
628 3737 777 3797 Kirehen-
802 3739 860 3797 und
883 3738 941 3798 Ge·
983 3757 1036 3796 ren
1073 3746 1160 3795 unter
1196 3737 1259 3795 sich
1297 3736 1389 3796 durch
1420 3737 1626 3819 Vermittlung
1654 3737 1771 3799 Bisclrof

159 3819 446 3880 meindevorstttndc
477 3821 774 3879 Ostl'riesland's
800 3822 941 3898 („Emes·
985 3819 1113 3889 Sinron's
1147 3839 1206 3880 von
1242 3820 1418 3880 Paderborn
1458 3822 1506 3879 ein
1546 3822 1767 3903 gegenseitiges

156 3903 249 3983 gonie
283 3909 313 3960 et
344 3901 587 3979 Nordencium“l
624 3903 837 3980 beurkunden,
871 3904 941 3962 dass
986 3904 1120 3980 Stlhne·,
1144 3903 1303 3961 Friedens-
1327 3903 1386 3962 und
1409 3902 1686 3982 Schutzbnudniss,
1709 3923 1765 3964 wo

154 3984 209 4045 der
238 3983 390 4044 zrvischcn
427 3987 516 4044 ihnen
548 3986 606 4044 und
637 3986 690 4044 der
719 3987 830 4047 Stndt
852 3987 941 4045 Bre-
984 3986 1031 4051 bei
1061 3985 1279 4045 inshesonderc
1312 3986 1432 4046 sowohl
1469 3987 1538 4047 dem
1568 3988 1772 4062 Erebischofe,

156 4087 240 4127 men
274 4066 418 4143 „diabolo
442 4067 609 4127 suadente‘*
638 4069 869 4148 nrrsgehrochcn
892 4088 942 4148 ge·
992 4069 1093 4127 seiner
1114 4068 1223 4128 Kirche
1251 4068 1311 4128 und
1338 4069 1430 4128 deren
1460 4070 1700 4152 Angehdn'gen,
1732 4071 1771 4130 alr

155 4169 280 4211 wesene
304 4150 399 4209 erist
420 4158 587 4230 „perpetua
613 4153 863 4230 ιιοιιιριιείιιίοιιιιι
887 4152 947 4211 bei·
991 4152 1066 4211 auch
1102 4152 1155 4210 der
1188 4151 1276 4212 Studt
1310 4151 1359 4212 die
1393 4153 1671 4236 Aufrechthaltung
1704 4154 1773 4215 aller

154 4233 259 4316 gelegt
279 4235 342 4311 sei,
367 4233 565 4293 vereinberen
593 4233 667 4292 nber
688 4233 766 4294 doch
790 4237 844 4293 mit
865 4235 947 4294 lretz-
989 4238 1077 4313 ,jura
1106 4242 1137 4293 et
1160 4234 1334 4294 libertates*
1364 4254 1423 4295 von
1446 4236 1506 4296 den
1530 4236 1657 4318 ssbrigen
1681 4237 1773 4298 Pncis·

156 4325 236 4378 terer
258 4317 313 4377 suf
332 4317 389 4377 den
414 4318 476 4376 Fall
504 4315 694 4377 nenerlicher
714 4317 946 4398 Misshelligkei-
990 4326 1097 4378 conten
1130 4318 1333 4399 zugesichert,
1372 4318 1432 4378 und
1463 4321 1571 4380 weiter
1603 4321 1773 4403 festgesetat

156 4409 207 4461 ten
248 4399 488 4480 nnchfolgendc,
531 4400 675 4459 meistcns
707 4400 947 4461 strafrechtliche
989 4401 1082 4477 wird,
1104 4402 1163 4460 wie
1185 4421 1217 4461 es
1241 4400 1289 4461 bei
1312 4401 1548 4484 Schedigungen
1571 4401 1772 4464 desnnsnta

156 4483 347 4564 Satzungen:
400 4489 448 4561 „§.
474 4488 500 4545 1.
530 4482 561 4542 Si
592 4502 664 4541 casu
700 4485 821 4544 sinistro
852 4505 945 4544 emcr-
991 4485 1051 4544 und
1075 4485 1129 4544 der
1149 4483 1236 4544 Stadt
1267 4484 1361 4544 durch
1396 4484 1444 4545 die
1468 4487 1649 4567 Rdstriuger
1676 4484 1772 4568 gebel·

154 4574 247 4648 gente
268 4567 377 4645 sliquis
402 4587 440 4628 cx
456 4565 640 4628 nostratibus
659 4585 764 4646 pncem
784 4567 946 4648 spoliando
991 4576 1040 4626 ten
1074 4568 1197 4627 werden
1232 4567 1320 4629 solle.
1374 4568 1433 4628 Fur
1465 4568 1604 4649 hnnflige
1645 4569 1771 4631 Verlctn

154 4650 332 4730 infregerit,
366 4651 496 4730 spolium
525 4651 663 4709 restituet
695 4657 725 4709 et
752 4670 818 4710 cum
842 4652 947 4710 amicis
989 4670 1089 4730 nngen
1122 4651 1341 4711 vorstehender
1363 4652 1536 4730 „ordinatio
1566 4671 1621 4712 seu
1643 4653 1771 4715 dilectio

156 4735 218 4792 suis
251 4746 372 4794 centum
405 4736 513 4793 marcis
541 4732 793 4793 hlonasteriensis
824 4745 947 4793 nronete
989 4735 1035 4791 nis
1069 4735 1161 4793 unio“
1189 4741 1267 4793 sctzt
1298 4754 1368 4793 man
1396 4737 1485 4795 einen
1519 4755 1574 4795 aus
1607 4735 1771 4815 „canonici

160 4829 281 4885 (marca
309 4837 364 4896 per
386 4818 428 4875 xii
452 4814 568 4876 solidos
600 4825 774 4884 numerata>
811 4819 839 4876 in
863 4817 946 4876 dimi·
990 4816 1201 4877 ministerinles
1223 4817 1408 4877 etconsules
1428 4820 1579 4878 civitatis“
1602 4819 1770 4899 gebildeteu

96 3782 135 3845 29

158 4898 209 4959 dio
233 4917 315 4960 enno
333 4908 403 4978 post
420 4900 551 4979 spolium
564 4919 722 4958 excessum
741 4920 826 4959 suum
844 4920 945 4960 emen·
988 4899 1161 4959 Ausschnss
1190 4899 1310 4978 nieder,
1339 4901 1472 4961 welcher
1498 4901 1547 4961 die
1570 4901 1711 4985 Aufgabe
1730 4921 1769 4962 er-

156 4980 257 5060 dsbit,
279 4981 317 5041 sd
342 4983 423 5061 quod
447 4982 666 5062 compellemus
690 4983 835 5062 eundem,
857 4987 942 5063 cujus
986 4981 1064 5058 linit,
1088 4983 1198 5042 binnen
1222 4983 1363 5043 vierzehn
1384 4982 1490 5063 Tagen
1512 4983 1561 5044 die
1581 4985 1769 5047 Uebertreter

156 5064 285 5124 emende
299 5065 492 5126 medietatem
512 5068 618 5125 civitas
630 5066 802 5126 Bremensis
820 5076 851 5127 et
866 5077 943 5127 terre
985 5068 1071 5144 „jure
1106 5065 1156 5126 vel
1194 5067 1328 5125 amicitia
1360 5065 1533 5127 mediante“
1575 5087 1613 5126 zu
1649 5068 1766 5128 richten.

379 5205 569 5211 m„—
986 5150 1197 5226 Loppcnbcry,
1236 5148 1557 5229 Geschichtsqusllen,
1586 5149 1710 5231 Beilagc
1732 5145 1767 5208 [11

172 5284 179 5293 ·
226 5252 275 5316 35)
296 5251 467 5306 Wiederholt
490 5253 565 5306 ward
593 5253 682 5307 dieser
703 5253 845 5323 Vergleich
864 5255 899 5306 im
918 5255 941 5307 J.
985 5229 1015 5291 S.
1039 5235 1189 5297 179-81·

159 5322 234 5379 1261.
272 5322 380 5391 Carra,
399 5324 512 5378 Summi.
534 5323 605 5382 ste
624 5325 671 5396 ng.
1065 5316 1163 5397 1258,
1184 5315 1261 5378 Dez.
1303 5313 1402 5377 Rath
1429 5313 1501 5375 und
1521 5314 1671 5396 Btlrger
1697 5331 1763 5376 von
