3548 5826
160 307 224 374 414
876 307 977 378 arant,
995 305 1089 362 Bruel

162 471 190 539 §-
212 467 262 530 26.
283 465 360 526 itam
383 462 465 542 quod
488 463 589 522 nullus
603 463 777 542 oppidanus
799 462 877 522 inira
900 467 957 521 ter·
998 462 1074 521 ltem
1097 461 1256 540 volumus,
1289 462 1372 542 quod
1399 482 1551 543 precones
1578 464 1688 545 oppidi
1700 464 1746 542 η)

162 550 291 624 minum,
315 549 365 626 qni
389 546 498 606 dicitnr
521 546 637 604 Bivane
651 543 712 627 ¹⁰),
737 546 880 625 occupari
903 565 956 624 po·
998 544 1090 604 Brule
1111 545 1309 623 pronuntient
1333 544 1427 607 verba
1442 549 1612 626 juramenti
1632 548 1664 609 in
1682 549 1751 628 judi

161 632 232 690 terit
252 630 302 690 val
321 631 463 689 arrestari
484 628 683 707 peraliquem
701 628 837 707 judicem
858 638 956 687 extra
998 626 1111 686 ibidem
1135 628 1201 687 sine
1223 629 1367 706 captione
1396 637 1427 689 et
1454 628 1511 690 sub
1532 629 1679 692 brevibus
1702 652 1768 693 ver·

161 732 268 791 neum,
291 713 346 772 sed
368 713 393 771 si
409 713 602 790 questionem
616 710 756 770 babuerit
774 720 882 772 contra
903 711 955 769 ali·
999 709 1260 788 competentibus,
1289 720 1321 770 et
1343 713 1409 771 sine
1431 714 1607 774 narratione
1640 714 1714 776 facti
1736 717 1761 775 si

161 815 251 875 quem
274 795 500 874 oppidanorum
515 792 732 873 predictorum,
753 795 858 853 veniat
878 793 957 852 infra
999 793 1167 870 questionis
1195 794 1307 852 actoris
1330 793 1451 854 deducti
1473 796 1503 854 in
1521 795 1673 875 judicium
1697 816 1771 861 cora

160 878 306 958 oppidum
324 878 494 957 predictum
518 876 718 954 etquerelam
742 896 827 935 suam
851 895 955 934 corant
998 882 1104 934 nostro
1128 874 1243 953 judice.
1294 881 1321 948 ι.
1344 880 1394 940 31).
1423 877 1500 938 ltem
1529 880 1555 938 si
1584 898 1740 958 precones

155 962 260 1041 jndice
283 960 420 1040 deponat
435 959 549 1018 ibidem
573 966 605 1018 et
615 968 827 1037 prosequatur.
864 964 891 1030 §.
906 962 955 1021 27.
997 959 1246 1035 pronuntiatione
1264 958 1425 1019 verborum
1443 959 1619 1040 hujusmodi
1631 965 1768 1042 jurame=

159 1044 235 1104 Item
259 1043 517 1122 quandocumque
539 1060 594 1120 pro
619 1050 748 1120 urgente
770 1042 956 1101 necessitate
998 1040 1158 1119 malignari
1175 1040 1299 1119 vellent,
1322 1062 1381 1102 nec
1402 1042 1495 1102 modo
1509 1042 1615 1104 debito
1638 1044 1764 1125 verbaj

160 1133 266 1186 nostra
287 1133 319 1185 et
340 1125 445 1205 oppidi
458 1143 609 1202 campana
631 1124 723 1182 banni
738 1123 783 1205 ¹¹)
806 1123 954 1202 pulsatur,
997 1124 1126 1181 ramenti
1148 1122 1265 1202 dicere,
1300 1132 1332 1183 nt
1362 1127 1500 1204 superius
1528 1134 1576 1186 est
1606 1147 1770 1207 expresso·

159 1209 220 1286 illi,
243 1210 294 1286 qui
316 1215 476 1267 motantur
497 1208 575 1266 inira
597 1207 768 1283 terminum,
790 1208 841 1284 qui
864 1225 954 1266 voca·
998 1225 1074 1264 unns
1102 1204 1294 1265 scabinorum
1324 1207 1428 1286 oppidi
1456 1209 1585 1287 predicti
1614 1211 1683 1271 sina
1712 1229 1746 1272 ιι

161 1300 209 1351 tur
231 1292 363 1367 bivanc,
386 1292 512 1349 venient
533 1291 600 1349 sine
622 1308 709 1348 mora
730 1289 760 1346 in
784 1289 953 1349 subsidium
997 1307 1078 1366 pena
1105 1308 1140 1348 sa
1162 1289 1366 1349 intromittere
1392 1292 1506 1368 poterit
1532 1291 1572 1352 de
1594 1291 1728 1373 verbisj

160 1373 266 1454 oppidi
297 1393 366 1432 cum
390 1375 482 1432 armis
510 1379 541 1431 et
568 1372 635 1430 aliis
669 1370 708 1430 ιιι
743 1371 954 1431 detensionem
998 1371 1768 1455 mentietoorrigareverbapreconissinecaption

159 1456 265 1536 oppidi
287 1457 485 1533 necessariis,
509 1462 540 1514 et
561 1456 744 1533 quicumque
768 1456 954 1514 contumaci·
998 1458 1025 1525 S.
1050 1456 1099 1517 36.
1119 1453 1199 1512 item
1221 1453 1362 1513 volumus
1384 1463 1415 1514 et
1435 1457 1609 1535 statuimus,
1629 1457 1713 1537 qnod
1759 1484 1767 1510 ι

159 1548 206 1599 ter
227 1541 331 1599 venire
344 1538 524 1617 neglexerit,
547 1557 586 1596 ex
608 1537 669 1596 hoc
686 1556 797 1616 penam
821 1538 955 1615 quinque
996 1536 1096 1594 minus
1119 1535 1218 1595 dietus
1240 1536 1356 1596 Bivanc
1378 1538 1482 1617 oppidi
1503 1539 1633 1620 predicti
1656 1542 1697 1600 sit
1716 1561 1774 1601 ιιιι.

158 1641 328 1681 marcarum
357 1623 506 1696 incurret,
541 1639 632 1698 qnam
661 1621 815 1698 requirere
843 1622 954 1698 poteri-
996 1617 1193 1697 Honningen,
1215 1618 1311 1695 Weis,
1334 1620 1422 1697 Surd,
1446 1620 1575 1698 Godors,
1597 1622 1759 1684 lmurendo

159 1725 225 1764 mus
260 1705 299 1764 ab
334 1703 455 1764 eodem.
508 1708 533 1775 §.
558 1706 607 1766 28.
643 1701 834 1780 Quicumque
861 1704 954 1762 etism
996 1700 1732 1784 Roggendorl,biescheniclt,lingdorl,Geildorl,
1750 1713 1774 1759 t

157 1786 304 1867 oppidum
320 1786 488 1866 predictum
508 1788 623 1844 intrans
640 1785 679 1843 ιιι
693 1784 877 1844 manendo·
896 1785 953 1844 sibi
996 1783 1073 1861 dorf,
1086 1783 1226 1843 Eokdorl
1239 1793 1270 1844 et
1280 1785 1420 1844 Vocbum
1433 1788 1458 1827 ¹³
1465 1801 1489 1865 j,
1512 1795 1544 1847 et
1557 1787 1701 1849 homines
1714 1808 1774 1851 con

156 1869 359 1930 hereditatem
382 1869 558 1946 acquisierit
580 1866 710 1938 ibidem,
733 1867 771 1926 de
794 1886 832 1926 ea
853 1868 956 1927 solvet
997 1873 1151 1925 morantes
1172 1868 1250 1926 intra
1271 1867 1360 1927 villas
1372 1868 1525 1948 predictas
1536 1873 1665 1932 veniant
1685 1873 1774 1932 insu

156 1971 213 2031 pro
236 1958 304 2012 rata
324 1953 403 2011 sieut
432 1952 483 2010 slii
507 1950 652 2030 oppidani
675 1950 876 2010 hereditatem
900 1950 952 2009 ob·
995 1948 1105 2007 sidium
1138 1949 1360 2028 oppidanorum
1395 1951 1601 2031 predictorum
1630 1953 1689 2015 sub
1724 1980 1769 2009 ιιι

157 2037 299 2095 tinentes.
344 2040 371 2106 S.
395 2037 444 2097 29.
465 2033 541 2092 item
561 2034 744 2111 quicumque
763 2033 878 2092 intrare
900 2052 952 2092 vo·
996 2032 1151 2110 predicta,
1183 2033 1262 2092 sicut
1291 2035 1429 2112 superius
1456 2035 1578 2113 plenius
1602 2045 1728 2099 estex·
1758 2064 1771 2091 z·

157 2117 246 2176 luerit
268 2115 414 2196 oppidum
444 2115 614 2195 predictum
642 2116 680 2174 ad
709 2115 883 2175 habendum
901 2119 952 2195 jus
996 2133 1072 2174 sum.
1118 2119 1145 2186 §.
1168 2118 1218 2178 37.
1245 2115 1323 2176 item
1352 2116 1435 2195 quod
1466 2117 1596 2197 quilibet
1622 2119 1758 2200 oppidan

156 2198 262 2279 oppidi
283 2208 316 2259 et
342 2198 586 2278 oppidanorum,
616 2198 700 2259 dabit
727 2217 782 2278 pro
812 2200 952 2278 ingressu
995 2198 1025 2255 in
1040 2196 1131 2256 Brule
1153 2199 1267 2276 poterit
1287 2198 1400 2259 babere
1422 2208 1453 2259 et
1475 2210 1581 2262 tenere
1599 2222 1721 2282 vaccas,
1751 2227 1774 2256 ιι

155 2292 218 2342 tres
241 2280 374 2359 solidos,
398 2282 436 2342 de
458 2281 567 2360 quibus
591 2282 704 2341 cedent
727 2280 816 2340 nobis
838 2281 952 2341 dnode-
995 2298 1049 2338 ves
1071 2289 1103 2339 et
1123 2299 1198 2340 oves
1216 2300 1272 2360 pro
1295 2282 1523 2344 suavolnntate
1543 2286 1575 2345 in
1589 2285 1708 2366 oppido
1738 2312 1744 2340 t

156 2367 214 2424 cim
237 2364 354 2424 denarii
384 2372 415 2423 et
444 2364 504 2424 dno
537 2364 628 2423 solidi
658 2364 697 2424 ad
729 2383 807 2441 opus
836 2364 951 2444 oppidi.
995 2361 1095 2439 dicte,
1118 2382 1176 2422 nec
1198 2381 1289 2443 super
1311 2364 1370 2424 hoc
1391 2367 1497 2445 impeti
1519 2370 1636 2446 poterit
1658 2369 1708 2430 vel
1733 2396 1751 2442 gt

157 2453 184 2519 i.
208 2450 256 2511 30.
301 2448 376 2506 ltem
399 2449 424 2505 si
447 2447 557 2525 aliquis
575 2447 800 2525 oppidanorum
823 2447 862 2506 ad
885 2467 951 2526 pre·
995 2447 1058 2503 vari
1080 2464 1100 2503 ι
1121 2445 1209 2506 nobis
1238 2446 1288 2506 vel
1305 2447 1411 2526 judice
1432 2457 1537 2509 nostm
1570 2470 1626 2511 sen
1658 2451 1712 2512 otti
1748 2480 1751 2502 2

155 2549 226 2589 sens
242 2548 369 2589 manens
390 2531 420 2588 in
444 2529 558 2609 oppido
574 2530 665 2590 Brule
687 2533 736 2591 vel
753 2531 951 2608 postmodnm
995 2536 1116 2604 nostro,
1150 2529 1201 2607 qui
1229 2549 1284 2607 pro
1308 2537 1446 2610 tempora
1467 2532 1559 2592 interit
1587 2533 1671 2613 apud
1695 2534 1774 2595 lirul

154 2612 400 2672 admonendum
424 2614 550 2672 veniens
576 2612 706 2690 ibidem,
741 2623 848 2672 tenens
871 2612 953 2672 bona
996 2616 1022 2683 §.
1046 2613 1095 2674 38.
1117 2610 1193 2670 ltem
1216 2612 1372 2691 volumus,
1400 2621 1432 2673 ut
1455 2615 1584 2693 quilibet
1610 2617 1746 2697 oppidan

154 2696 258 2774 eliqua
277 2716 297 2755 a
318 2703 403 2754 curte
425 2703 546 2772 nostra,
569 2696 594 2754 si
617 2695 800 2771 decesserit,
823 2715 886 2754 non
910 2704 951 2755 te·
994 2694 1044 2771 qui
1066 2712 1159 2771 posse
1177 2693 1279 2773 habet,
1301 2695 1413 2756 babeat
1434 2705 1465 2757 et
1487 2699 1760 2780 ιιιιιιιιιιιιιιιιιὐ

153 2776 273 2838 uehitur
306 2778 379 2838 dara
408 2797 463 2857 pro
496 2797 575 2856 equo
603 2797 658 2837 sno
691 2779 809 2839 meliori
831 2779 951 2838 ratione
993 2775 1119 2835 loricam
1149 2778 1262 2836 etalio
1283 2797 1368 2838 arma
1389 2799 1444 2840 sue
1465 2800 1601 2859 persone

148 2862 243 2942 juris,
266 2861 348 2940 quod
371 2860 481 2920 dicitnr
502 2861 664 2920 Corimede
683 2861 746 2943 ¹²),
768 2861 836 2940 plus
859 2880 949 2939 qnam
993 2859 1050 2935 tia,
1072 2858 1207 2937 alioquin
1221 2862 1354 2920 monitus
1376 2862 1455 2923 infra
1471 2865 1661 2943 quindenam
1682 2867 1707 2925 si
1729 2886 1770 2926 nt

154 2963 244 3003 unam
266 2963 410 3022 marcam,
434 2944 506 3004 licet
527 2944 759 3023 lortetempore
781 2942 881 3003 obitus
903 2946 949 3003 sui
991 2940 1145 3018 habuerit,
1173 2942 1288 3003 incidat
1315 2964 1428 3023 penam
1449 2949 1586 3026 quinque
1613 2948 1718 3009 solido
1758 2976 1772 3002 ι·

152 3027 262 3087 melior
283 3046 380 3106 equus
413 3046 484 3085 suns
509 3025 578 3106 plus
606 3027 709 3087 vtileat
737 3046 828 3106 quam
858 3047 949 3085 unam
992 3025 1043 3102 qui
1066 3025 1178 3084 cedent
1209 3026 1324 3105 oppido
1352 3037 1532 3090 memorato.
1575 3031 1610 3091 ln
1642 3036 1728 3112 eujus
1769 3056 1774 3083 ε

152 3129 295 3187 marcam,
318 3110 399 3170 etin
423 3111 549 3188 optione
565 3109 711 3168 heredum
732 3111 812 3169 illius
836 3111 901 3187 erit,
924 3112 949 3168 si
992 3108 1198 3167 testimonium
1222 3117 1253 3168 et
1274 3118 1451 3189 perpetuam
1465 3111 1643 3174 firmitatem
1666 3133 1772 3194 presan

153 3193 305 3253 voluerint
327 3193 400 3252 dare
422 3211 534 3270 equum
548 3193 715 3252 meliorem.
752 3201 779 3266 §.
801 3196 851 3255 31.
872 3193 948 3252 ltem
990 3191 1137 3268 scripturn
1154 3191 1272 3252 eisdem
1287 3193 1448 3272 oppidanis
1460 3194 1603 3256 dedimus
1624 3197 1717 3276 sigilli
1737 3216 1770 3256 n:

152 3276 292 3335 volumus
315 3275 397 3354 quod
415 3276 514 3334 nullus
535 3275 680 3354 deinceps
703 3277 733 3335 in
757 3277 829 3336 dote
852 3276 948 3335 eccle·
992 3273 1043 3331 stri
1067 3275 1430 3337 muniminaroboratum.
1471 3278 1586 3341 Datum
1608 3279 1684 3340 feria
1704 3298 1771 3341 sax·

152 3360 196 3418 sie
213 3358 256 3432 Ι1)
288 3360 319 3418 ιι
341 3359 432 3418 Brnle
455 3361 612 3438 treenpari,
641 3361 797 3435 arrestari,
820 3358 948 3418 detineri
991 3364 1063 3415 ante
1086 3356 1195 3415 festum
1217 3356 1376 3418 beatorum
1390 3359 1520 3440 Philippi
1542 3371 1576 3423 et
1586 3361 1697 3423 iacobi
1724 3386 1769 3414 <tt

151 3442 303 3501 violenter
330 3442 379 3501 vel
413 3442 516 3500 invadi
549 3442 651 3500 valeat
685 3461 808 3521 quoquo
843 3442 947 3518 modo,
990 3437 1154 3516 stolorum,
1181 3458 1263 3500 anno
1286 3440 1400 3502 domini
1422 3442 1462 3504 M.
1486 3443 1547 3505 CC.
1578 3453 1682 3506 octn
1701 3470 1760 3499 ιιι

151 3532 183 3584 et
204 3525 229 3583 si
252 3525 319 3602 quis
342 3533 449 3584 contra
470 3526 618 3603 premissa
640 3527 774 3600 venerit,
797 3523 885 3584 nobis
908 3524 948 3583 sd
990 3522 1127 3598 quinto.“
1170 3524 1355 3602 Lacombtet,
1388 3525 1502 3587 UBucb
1521 3527 1629 3591 Bd.ll
1663 3527 1743 3589 Νι.
1772 3535 1774 3546 ’

150 3607 312 3667 emendam
325 3615 551 3686 competentem
566 3616 713 3667 teneatur.
747 3611 776 3685 ξ.
799 3614 848 3671 32.
870 3606 946 3666 ltenr
990 3601 1020 3664 S.
1042 3605 1197 3668 boeto.

151 3692 324 3769 quicunque
346 3689 432 3749 alteri
455 3697 557 3769 partes
571 3710 714 3769 agrorum
738 3709 861 3749 suornm
882 3710 946 3748 ara-

150 3780 196 3833 tro
220 3792 275 3831 sno
295 3771 498 3832 desulcsverit.
520 3773 569 3833 vel
584 3773 731 3832 sulcando
754 3773 946 3850 abstraxerit,
1342 3769 1449 3836 Brusl.
1644 3774 1747 3837 CXLV
1771 3778 1774 3825 1

149 3863 181 3915 et
210 3854 325 3915 arando
354 3858 435 3934 agris
457 3857 519 3915 attis
550 3857 594 3914 sic
617 3857 790 3933 attraxerit,
822 3857 887 3915 sive
914 3857 945 3914 in
1231 3888 1541 3940 (ιιιιιιῃιιφιιιιιιιιιι.)

148 3938 232 3998 silvis
256 3945 373 4016 partem
396 3938 472 3998 silve
494 3939 581 3998 alteri
604 3939 879 4017 demensuraven't,
903 3946 945 3998 te·

149 4021 268 4081 nebitur
288 4020 326 4079 ad
348 4021 509 4080 emendam
531 4023 665 4099 quinque
687 4021 864 4098 solidorum,
888 4041 946 4081 nec
1070 4022 1338 4098 lsto,.1un.24.
1399 4025 1501 4086 Rittcr
1531 4025 1686 4088 Raimar
1715 4046 1774 4087 ιιι

147 4112 272 4184 propter
293 4103 353 4162 hoc
373 4106 478 4183 impeti
491 4106 604 4183 poterit
616 4124 671 4183 per
680 4104 839 4184 judicium,
862 4103 945 4183 quod
986 4101 1137 4180 Plesse,
1160 4106 1303 4181 „Erizete
1318 4117 1349 4166 to
1368 4106 1438 4167 dam
1454 4108 1581 4188 aretat‘,
1603 4109 1710 4172 erbabt
1727 4109 1774 4171 Ι·ιιι

148 4185 395 4267 Hobgerieht¹⁴l
433 4187 548 4246 dieitur.
604 4193 631 4258 §.
654 4191 702 4251 33.
731 4187 792 4266 ipsi
822 4207 944 4265 quoqne
987 4184 1043 4243 Ort
1063 4185 1137 4262 „tho
1166 4208 1276 4249 snerne
1298 4189 1455 4250 Stedelten
1485 4191 1549 4251 und
1571 4200 1668 4254 settet
1685 4212 1774 4273 ymtn

148 4269 294 4349 oppidani
325 4270 414 4329 nobis
443 4280 474 4330 et
495 4270 721 4330 successoribus
751 4271 862 4329 nostris
885 4269 944 4329 sol·
987 4267 1243 4346 Borghemestere
1265 4272 1327 4331 nnd
1350 4272 1460 4351 aeuo,
1483 4273 1670 4337 bezeichnet
1689 4276 1765 4337 tarn

146 4372 220 4414 vare
231 4352 414 4413 tenebuntur
427 4355 552 4413 nomine
567 4354 723 4432 petitionis
745 4353 852 4412 decem
868 4372 944 4412 mar·
986 4350 1169 4412 auslttbrlich
1201 4355 1251 4413 die
1279 4354 1455 4416 detnselben
1484 4376 1524 4417 au
1546 4357 1774 4421 aberlasaand

147 4455 199 4495 css
220 4437 250 4495 in
272 4437 432 4496 nativitate
454 4436 544 4496 beate
565 4436 660 4495 Maris
683 4437 817 4515 virginis.
852 4441 880 4508 ᾗ.
894 4437 943 4499 at.
986 4432 1195 4513 Trittwissen,
1219 4435 1357 4498 Gebblza
1381 4437 1442 4498 und
1459 4437 1631 4503 Gewasser
1651 4443 1708 4503 mit
1732 4466 1773 4490 ιιι

149 4593 366 4600 mm„—
384 4592 413 4597 -
436 4593 450 4596 „
471 4592 501 4597 ..
549 4591 566 4596 -
986 4514 1079 4574 daran
1093 4518 1630 4603 anszudbendenGerachtigkeiten,
1649 4543 1758 4587 naman

298 4662 303 4672 ¹
674 4675 678 4684 Ι
783 4658 790 4674 ‚
986 4597 1045 4657 lich
1067 4599 1122 4659 des
1144 4601 1346 4683 Holzseblsgs
1369 4603 1431 4663 und
1452 4603 1509 4665 der
1529 4606 1688 4669 ffischerci
1752 4632 1772 4657 «ι

201 4658 249 4726 10)
270 4655 698 4712 DteumschlosseneFeldmatlr
718 4657 860 4710 derbtstlt.
880 4658 941 4725 vgl.
984 4679 1004 4740 b
1041 4683 1060 4740 s
1128 4691 1139 4742 t
1198 4684 1279 4745 dsh
1398 4686 1419 4746 d
1463 4686 1493 4748 Η
1692 4652 1703 4687 ’

146 4729 177 4783 G.
199 4732 225 4782 t.
244 4731 404 4792 n.Maurer,
424 4729 650 4796 Einleitungzur
670 4727 767 4781 Gcsch.
788 4728 941 4796 derlisrlt,
1006 4700 1124 4776 esim
1157 4703 1196 4785 mi
1230 4704 1258 4745 ¹⁰
1281 4731 1289 4763 ’
1311 4705 1376 4789 wa?
1420 4706 1453 4747 er
1493 4689 1644 4787 mom
1663 4708 1704 4753 u
1731 4716 1772 4803 '2'

145 4801 222 4869 Hor,
242 4801 327 4854 Dors-
349 4800 941 4869 nndStndt·Vert'assung(ltlb⁴l)S.187llg.
983 4762 1261 4904 ἓρῃοὴῑδὲθὴυθῃ
1295 4767 1452 4848 gebahfeu
1485 4770 1550 4831 und
1581 4792 1643 4834 ”¹⁶
1675 4792 1708 4833 ω
1742 4796 1745 4819 ¹

146 4888 181 4926 m·
209 4875 236 4925 s·
260 4873 394 4935 ,34433
421 4872 517 4924 pond,
542 4871 647 4923 asch„
675 4873 692 4922 ι,
720 4871 746 4923 d¹
766 4871 865 4924 Gesth,
893 4871 941 4925 de,
1012 4867 1060 4905 m·
1088 4848 1148 4907 und
1169 4849 1469 4933 Austvanderungen
1490 4854 1638 4934 gahaiten
1660 4853 1771 4916 warda

145 4943 312 4997 Oberrbeins
334 4945 364 5010 V,
383 4944 436 4998 260
455 4943 501 5012 ssg.
522 4943 573 4998 267
594 4942 640 5011 ssg.
988 4969 1016 4974 ·-
1035 4970 1049 4973 ··
1074 4970 1077 4974 *
1095 4970 1117 4974 -
1130 4971 1182 4976 -·-
1192 4972 1403 4979 —--·———-

201 5016 248 5083 11)
269 5015 440 5084 „Campana
461 5017 537 5083 cujus
557 5014 768 5084 pulsupopulus
788 5015 888 5066 citatur
906 5013 940 5064 ad
1041 5017 1088 5085 15)
1110 5019 1264 5074 Stsdttsche
1278 5021 1525 5087 Geriebtsbeamta
1547 5025 1653 5080 welche
1672 5028 1715 5080 bei
1733 5027 1765 5077 de

144 5095 296 5139 conventus
325 5088 451 5154 publicos
478 5089 582 5139 urbis“.
619 5092 733 5139 antuus·
751 5085 768 5137 l.
788 5102 811 5138 c.
831 5086 940 5154 „Bsnn
983 5089 1188 5160 Eidesleistung
1212 5092 1252 5144 uls
1274 5092 1460 5157 „Fnrstebar“
1489 5094 1619 5164 (linum
1645 5097 1664 5152 l.
1688 5115 1710 5151 a
1729 5097 1768 5149 col

144 5155 265 5210 Gloclre‘
286 5158 338 5210 col.
356 5159 400 5213 06.
983 5162 1051 5224 567,
1071 5161 1121 5221 68ς
1146 5164 1301 5228 1717·10)
1322 5166 1473 5233 fungirten.

196 5229 245 5298 12)
265 5229 289 5282 J.
309 5233 427 5293 orimur,
446 5229 587 5282 RAlterth.
607 5230 634 5282 S.
654 5228 706 5284 364
726 5228 772 5297 tlg.
1019 5232 1067 5293 161
1088 5231 1171 5286 Diese
1183 5234 1249 5287 Orto
1259 5235 1383 5288 heisten:
1401 5235 1582 5307 Hdnningen,
1603 5238 1696 5305 snrtt,
1708 5240 1767 5306 ling

197 5301 246 5368 13)
270 5303 298 5355 b.
317 5303 335 5353 ι.
359 5303 409 5352 ani
424 5301 606 5354 lrircblichem
626 5300 739 5354 Grunde
759 5300 814 5352 und
833 5300 939 5353 Boden.
982 5303 1139 5373 dorlarhof,
1159 5306 1285 5359 Vochem.

196 5372 247 5438 11)
268 5372 634 5426 Vermnthlichisthierdas
643 5372 937 5444 Gogsricbtgameint
1053 5376 1102 5442 17)
1125 5377 1337 5432 Brnstharnirolt
1358 5377 1480 5449 (rma
