3548 5826
162 301 231 375 aab
878 307 1102 382 muna-ag.

168 462 230 525 und
254 461 306 523 die
332 469 414 527 erate
439 461 560 543 Aulage
592 461 679 523 einer
709 460 824 541 „viHa“
855 460 958 522 neben
1001 483 1074 525 nasu
1095 463 1287 543 julortunato
1314 462 1419 544 aliqua
1447 464 1484 543 ju
1506 478 1586 543 aqna

169 545 224 607 der
240 546 368 623 alteren,
390 563 451 606 ron
473 543 687 606 unbekanntsr
702 543 791 605 Hand
812 543 958 606 erbauten
1000 564 1196 627 quocumque
1226 545 1320 608 modo
1348 544 1515 626 periclitari
1536 562 1586 607 oor

169 627 553 709 BurgTboncgusrderoth
565 626 873 708 (Danlrwnrderode)
889 626 959 688 dam
1003 630 1076 690 mini
1096 648 1196 691 rerum
1220 636 1349 710 propter
1368 629 1430 690 hoo
1450 627 1567 689 nullam

169 711 311 792 Heruoge
322 711 425 772 Bruno
447 730 503 772 aus
515 710 584 771 dem
600 710 804 773 Geschlcchte
825 709 881 770 der
893 710 959 770 Liu·
1002 712 1075 774 bent
1095 731 1207 793 penam
1233 712 1285 773 vel
1314 712 1451 793 culpam,
1483 717 1532 771 set
1559 731 1586 773 rr

170 793 323 875 dolflnger
351 794 587 855 auanschreiben
620 795 681 872 sei,
716 792 850 854 wernher
877 792 959 854 daun
1003 814 1086 874 aqua
1107 796 1221 876 ereptis
1249 803 1281 856 et
1300 795 1411 857 locatis
1433 800 1487 855 ant
1507 793 1587 855 vend

170 878 241 939 dem
263 896 324 938 neu
345 876 562 1022 qesohadenen
579 875 653 938 Orte
674 876 752 937 auch
773 878 878 938 seinen
902 876 960 936 Na
1001 898 1058 938 nes
1081 879 1207 940 omnino
1229 877 1385 939 recedent
1429 882 1457 950 S.
1479 880 1509 941 3.
1531 877 1586 939 lter

603 960 609 974 .
671 960 678 972 .
736 961 755 993 α
1426 961 1433 974 .
1551 961 1586 975 ..

80 1048 84 1057 -
171 978 349 1104 litat
371 957 793 1123 {lislllhltth
821 958 960 1103 llil?
1003 959 1586 1125 {lvittllthltlttltdlll

173 1125 260 1188 Hben
282 1145 317 1187 so
340 1127 452 1206 gewiss
473 1127 515 1187 ist
536 1125 620 1204 aber,
641 1124 713 1185 dass
735 1131 798 1185 erat
817 1124 961 1185 Heinrich
1004 1129 1099 1188 tercia
1114 1147 1185 1209 pars
1199 1128 1282 1188 curie
1295 1128 1327 1206 ³)
1351 1125 1586 1206 presentabitur:

173 1208 228 1271 der
248 1208 344 1270 dee
365 1209 424 1270 den
452 1208 497 1269 bis
519 1208 611 1269 dahin
634 1208 716 1268 noch
738 1208 888 1270 unbeiesti
942 1227 961 1266 n
1004 1210 1045 1271 ad
1067 1230 1139 1270 usus
1161 1211 1406 1272 etueosssitates
1420 1209 1586 1271 oivitaiisc

173 1293 234 1353 und
263 1292 434 1373 uberhaupt
459 1291 720 1352 unansehnlichen
749 1289 872 1372 Burgfle
912 1309 962 1367 en,
1006 1300 1033 1367 s.
1056 1295 1085 1356 4.
1117 1294 1193 1354 ltem
1221 1293 1406 1373 quicumque
1444 1292 1579 1372 aliquem

172 1377 204 1436 in
236 1375 384 1436 welchem
413 1394 446 1435 er
476 1394 524 1434 am
554 1373 683 1435 liebsten
706 1374 879 1453 verweilte,
912 1393 961 1433 nm
1005 1377 1212 1438 vulneraverit
1237 1383 1290 1437 aut
1321 1376 1502 1456 sanguinem
1523 1377 1586 1458 ejus

174 1458 224 1519 die
238 1458 324 1518 Mitte
346 1457 401 1518 des
420 1456 486 1518 ΧΠ.
501 1456 601 1517 lhdts.
619 1477 673 1517 nur
686 1455 864 1517 wirlrlichen
876 1455 964 1517 Stadt
1005 1459 1044 1520 de
1064 1459 1125 1520 hoc
1147 1461 1307 1520 convictus
1329 1459 1429 1540 luerit,
1445 1456 1544 1538 judici
1566 1478 1586 1519 s

173 1541 326 1620 erhoben,
350 1542 405 1601 mit
425 1541 550 1601 Hauern
573 1540 635 1599 und
656 1539 779 1600 Graben
803 1540 963 1618 versehen,
1004 1542 1084 1603 lidos
1116 1549 1149 1604 et
1175 1542 1242 1604 leso
1264 1563 1328 1602 xxx
1355 1547 1520 1622 conponat
1566 1549 1583 1618 ς

174 1623 236 1684 und
261 1644 299 1684 nu
324 1625 424 1684 eiuem
446 1622 594 1684 iunerlich
620 1623 811 1704 geordneten
842 1623 963 1704 burger·
1005 1628 1072 1706 quis
1098 1626 1220 1706 alapam
1247 1625 1334 1686 alteri
1356 1623 1490 1704 dederit,
1518 1625 1586 1685 iiii⁰¹

174 1707 275 1767 lichen
303 1707 538 1768 Gemeinwesen
570 1705 665 1766 durch
687 1705 875 1786 Verleihung
901 1723 962 1766 von
1005 1710 1065 1769 dici
1086 1716 1118 1770 et
1148 1709 1213 1769 leso
1236 1709 1281 1769 xii
1308 1707 1458 1784 radiabit,
1492 1708 1552 1769 nisi
1581 1717 1586 1769 t

174 1790 457 1870 Rechtssatzungen
478 1788 633 1871 gefbrdert
653 1788 743 1849 habe.
784 1789 843 1850 Die
864 1790 963 1849 einem
1000 1793 1155 1874 Justiciam
1184 1791 1287 1852 valeat
1313 1809 1494 1871 expurgare.
1534 1796 1586 1864 §.1

175 1871 400 1953 ritterbdrtigsn
441 1872 542 1952 Vogte
586 1872 793 1952 untergebene
835 1873 964 1951 „civitas
1006 1876 1051 1936 lus
1080 1875 1172 1935 alium
1203 1894 1261 1954 pro
1289 1874 1391 1954 aliquo
1427 1890 1558 1934 excessu

175 1955 394 2018 Bruneswicb“
416 1954 545 2016 bestaud
568 1953 711 2036 dbrigens
732 1956 763 2015 in
785 1955 886 2016 dieser
897 1955 966 2016 Zeit
1005 1958 1099 2019 duelli
1121 1976 1233 2018 vocare
1255 1963 1432 2037 autoogere
1453 1956 1577 2036 poterit

175 2058 233 2100 nur
254 2057 309 2099 sus
332 2039 409 2099 nwei
432 2037 670 2116 Weiohbildern,
693 2036 748 2101 der
769 2039 851 2099 alten
875 2037 964 2099 Stadt
1005 2043 1190 2123 quicumque
1222 2059 1279 2120 pro
1312 2040 1415 2120 aliquo
1449 2057 1581 2100 excessu

178 2120 326 2202 („urbs“J
352 2122 406 2181 mit
420 2120 476 2182 der
490 2121 581 2202 Burg,
603 2140 659 2182 vor
673 2121 807 2182 welcher
823 2120 880 2182 der
890 2121 964 2182 Her·
1005 2127 1110 2204 fuerit,
1133 2143 1210 2184 uxor
1232 2131 1263 2183 et
1279 2124 1365 2204 pueri
1388 2126 1454 2203 ejus
1476 2130 1569 2203 atque

173 2204 964 2349 dimiltlfffflssllltttsshhlidi-‘tlt'
1006 2228 1065 2352 :tt
1089 2205 1586 2369 tlsshltlhlss‘nlhsslh‘

176 2371 262 2432 saule
276 2371 317 2449 ¹),
338 2333 626 2451 anfgestelli’hatte,
649 2370 710 2431 und
725 2332 794 2430 dem
811 2390 871 2431 von
894 2369 965 2432 dem
1008 2381 1036 2448 s.
1057 2312 1087 2439 ἕ.
1110 2372 1300 2452 Quicumque
1321 2392 1436 2432 annum
1464 2378 1496 2432 et
1518 2370 1586 2435 dieu

177 2454 325 2535 altesten,
366 2455 420 2514 mit
449 2464 566 2534 grdnen
597 2454 722 2515 Zbunen
761 2454 964 2534 eingebegten
1007 2458 1154 2518 manserit
1174 2457 1241 2517 sine
1262 2456 1390 2535 alicujus
1404 2455 1445 2515 im
1469 2455 1586 2517 etioion

177 2536 380 2616 Stadtgraben
390 2555 425 2597 so
435 2537 638 2617 gebeissenen
647 2535 965 2617 Hagen(„indago“).
1007 2540 1084 2603 liber
1098 2539 1298 2621 permanebit.
1342 2544 1370 2611 s.
1392 2540 1420 2602 9.
1442 2474 1586 2618 ftem'qui

119 2616 138 2679 1
260 2624 356 2699 nab,
378 2619 447 2680 lan.
489 2619 592 2701 Konig
610 2619 765 2681 OttolV.
787 2620 895 2680 nimmt
916 2619 966 2680 die
1008 2643 1089 2683 mum
1112 2629 1165 2683 aut
1185 2641 1288 2683 aream
1311 2620 1586 2701 autquamlibets

177 2705 293 2783 Burger
320 2722 382 2764 von
404 2703 644 2783 Braunsohweig
671 2704 703 2763 in
726 2703 832 2764 seinen
855 2702 965 2764 Bchuta
1008 2708 1132 2767 civitate
1148 2706 1270 2784 emerit,
1303 2712 1336 2765 et
1355 2723 1469 2764 annum
1500 2712 1531 2765 et
1560 2703 1586 2764 di

177 2786 237 2847 und
260 2785 375 2846 erhlbrt
390 2787 436 2847 sie
451 2785 611 2847 innerhalb
634 2785 689 2846 des
703 2804 822 2866 genuen
836 2786 966 2847 Reiches
1008 2788 1198 2870 possederit,
1221 2795 1252 2849 et
1272 2807 1334 2868 pax
1356 2787 1385 2847 ei
1407 2786 1576 2849 secundum

176 2872 224 2930 lttr
251 2868 368 2930 aolllrei
400 2905 433 2917 -
467 2867 683 2950 „burgensium
718 2876 892 2930 nostrorum
927 2867 966 2930 de
1007 2872 1089 2933 fautu
1110 2872 1214 2948 fuerit,
1235 2871 1336 2931 nullus
1359 2890 1428 2930 eum
1452 2868 1491 2931 de
1508 2877 1586 2932 ceter

176 2953 325 3014 Brunsvic
346 2997 354 3012 .
377 2997 385 3012 .
408 2997 446 3012 ..
475 2971 624 3032 personas
657 2958 689 3012 et
719 2970 769 3012 res
802 2955 832 3011 in
860 2958 966 3013 nostre
1008 2956 1078 3016 dem
1099 2974 1132 3015 re
1154 2955 1267 3035 poterit
1285 2954 1465 3033 inquietare.
1509 2959 1538 3027 ς.
1562 2956 1586 3017 lt

177 3036 350 3098 serenitatis
379 3034 588 3096 defensionem
611 3035 816 3114 suscepimus,
850 3053 966 3115 eosque
1010 3057 1140 3117 cumque
1168 3037 1239 3098 exul
1268 3038 1333 3097 sive
1360 3035 1481 3097 advena
1505 3040 1542 3117 jn
1570 3055 1586 3097 o

177 3120 216 3181 ab
239 3119 322 3179 omni
344 3119 508 3179 exactione
528 3137 566 3178 ac
593 3117 709 3179 telonio
731 3137 787 3199 per
809 3120 968 3179 universos
1010 3131 1078 3182 tuus
1096 3121 1194 3198 fuerit,
1216 3119 1299 3181 bona
1313 3139 1369 3179 sua
1381 3122 1416 3199 ju
1431 3125 1586 3199 potestate

176 3202 297 3282 imperii
310 3199 386 3261 flues
399 3201 493 3281 regali
510 3200 718 3261 munificentia
735 3201 849 3262 liberos
865 3210 897 3262 et
918 3202 968 3263 ab·
1011 3204 1177 3265 manebunt
1193 3222 1288 3283 usque
1309 3201 1455 3262 adfinem
1477 3203 1567 3281 anni,

177 3286 296 3346 solutos
323 3303 393 3345 esse
414 3284 586 3345 volumus.“
627 3286 804 3363 Belrtmeyer
829 3304 858 3346 a.
880 3305 909 3346 a.
932 3283 968 3345 0.
1011 3287 1062 3348 dio
1092 3296 1230 3367 tempore
1261 3286 1370 3365 aliquis
1392 3286 1586 3365 superveneri

176 3368 242 3430 IS.
265 3367 343 3444 4353
370 3367 403 3428 P.
427 3369 549 3446 Leyser,
574 3368 651 3430 Hist.
674 3367 784 3428 Comit.
809 3368 967 3428 Wunstor·
1011 3371 1082 3431 dum
1111 3369 1261 3450 justiciam
1288 3368 1372 3429 bona
1397 3368 1452 3428 illa
1477 3367 1586 3430 obtinu

178 3454 275 3533 piens.
298 3452 413 3529 (1726)
439 3470 469 3531 ρ.
491 3454 570 3514 22-
585 3452 639 3529 243
665 3453 800 3527 Origines
822 3455 972 3525 Guelficue
1012 3453 1228 3529 sentabuutur3
1249 3452 1420 3526 sinautem,
1437 3452 1532 3512 tercia
1552 3470 1586 3533 pr

178 3535 266 3595 Tum.
280 3533 322 3593 lll
349 3553 378 3613 p.
396 3537 467 3611 760,
489 3538 538 3598 tt.
567 3534 968 3614 Vgl.Dlirre,Gesch.S.81.
1011 3537 1051 3598 ad
1073 3555 1145 3597 usus
1173 3534 1305 3596 ecclesie
1332 3540 1439 3595 sancte
1463 3536 1585 3595 Haterin

119 3635 140 3699 2
264 3618 345 3680 1227
372 3616 459 3696 [Apr.
484 3653 518 3660 —
543 3617 640 3694 lull]
667 3618 729 3678 Der·
747 3617 970 3679 braunschwei-
1013 3620 1140 3693 tsbitur,
1181 3618 1241 3678 due
1279 3623 1381 3697 partes
1423 3617 1521 3678 altera
1554 3624 1586 3679 'a

179 3700 286 3782 gische
307 3699 429 3779 Heruog
450 3700 541 3760 Otto
555 3700 578 3760 l.
601 3699 666 3760 das
687 3700 785 3761 Kind
807 3701 971 3781 bestatiget
1011 3703 1108 3763 altera
1139 3699 1337 3781 derogabitur
1365 3700 1558 3779 pauperibus.

178 3785 229 3845 die
249 3782 343 3842 durch
358 3782 670 3860 seinenGrossvater,
692 3784 875 3845 Heinrich
899 3783 968 3844 den
1012 3785 1179 3866 burgenses
1201 3787 1252 3863 jus
1282 3783 1417 3843 habeant
1443 3783 1586 3845 sacerdot

177 3868 337 3942 waen,
359 3865 428 3925 dem
451 3865 645 3927 Weiohbilde
665 3867 794 3949 Hagen
818 3886 879 3928 von
902 3865 968 3927 des·
1011 3876 1043 3929 et
1063 3868 1204 3929 dominus
1227 3867 1359 3927 civitatis
1377 3869 1428 3946 jus
1444 3866 1575 3927 eundem

178 3969 232 4011 sen
247 3947 417 4029 Grttndung
438 3969 477 4011 an
495 3948 631 4031 allmalig
645 3951 840 4013 verlisbenen
850 3950 969 4011 Rechts
1010 3958 1043 4011 et
1063 3949 1269 4032 presentandi.
1315 3954 1341 4022 §.
1368 3952 1413 4012 12.
1442 3948 1586 4030 Quicumq

179 4031 240 4094 und
267 4031 439 4093 Freibeiten
465 4036 530 4111 {SS-
555 4034 699 4113 1-13],
730 4032 887 4095 dieselben
914 4035 970 4094 mit
1010 4036 1136 4095 vitatem
1164 4051 1291 4093 maneus
1323 4031 1414 4093 alicui
1435 4030 1586 4113 burgensir

179 4117 301 4197 einigen
336 4134 436 4176 neuen
469 4114 698 4197 Begnadungeu
737 4118 802 4196 [ss.
825 4117 879 4193 14,
910 4118 963 4194 15]
1010 4117 1184 4190 indebito,
1219 4117 1245 4176 si
1266 4113 1377 4176 viderit
1398 4133 1467 4175 enm
1490 4119 1525 4196 ju
1548 4116 1586 4177 cir

177 4197 395 4261 uermehrend:
1010 4207 1076 4261 mnt
1102 4218 1205 4260 secum
1234 4196 1392 4261 bodellum
1426 4204 1458 4258 et
1483 4218 1553 4261 eum
1580 4220 1586 4258 t

261 4281 396 4361 „Notum
424 4282 464 4344 sit
485 4282 626 4344 omnibus
653 4281 734 4342 hanc
760 4283 903 4364 paginam
926 4283 968 4343 vi·
1011 4291 1111 4344 sutem
1149 4280 1305 4344 bodellum
1338 4281 1453 4341 habere
1488 4300 1550 4343 nou
1584 4303 1586 4363 j

179 4366 336 4442 dentibus,
365 4364 447 4446 qnod
468 4364 527 4426 hec
547 4372 617 4426 sunt
641 4368 731 4446 jura
752 4373 791 4426 et
811 4366 968 4427 liberta·
1011 4366 1130 4428 duobus
1154 4367 1216 4425 suis
1238 4362 1416 4426 concivibus
1439 4383 1507 4427 eum
1530 4372 1586 4445 pot

179 4459 235 4512 tes
264 4447 480 4530 jndaginis,
512 4467 588 4528 quas
623 4448 789 4528 burgenses
824 4470 843 4512 a
871 4450 969 4530 prima
1011 4458 1044 4511 et
1064 4447 1271 4529 adjudicium
1294 4447 1480 4528 pertrahere.
1525 4452 1586 4522 Μ

179 4533 357 4594 fundatione
392 4533 486 4612 ipsius
520 4532 651 4592 civitatis
689 4531 727 4592 ab
761 4534 868 4595 illustri
902 4535 968 4614 vjro
1011 4552 1141 4612 cumque
1164 4532 1268 4609 miles,
1296 4530 1423 4591 clericus
1453 4538 1508 4592 aut
1526 4539 1586 4594 rust

179 4617 356 4678 heinrico
384 4615 462 4676 duce
488 4615 618 4676 saxome
644 4623 737 4695 atque
759 4617 893 4678 bawarie
915 4616 966 4678 ob·
1012 4624 1075 4677 tate
1096 4615 1187 4676 alicui
1210 4621 1350 4675 teneatur
1366 4617 1401 4694 jn
1425 4612 1530 4675 debito
1552 4621 1586 4677 et

181 4703 342 4761 tinuerunt.
386 4705 411 4773 S.
436 4702 464 4762 1.
487 4697 589 4759 Nares
610 4697 650 4759 de
664 4696 771 4761 brema
783 4720 879 4781 usque
901 4700 967 4761 bru·
1008 4700 1112 4777 luerit,
1144 4698 1223 4759 bene
1243 4697 1347 4758 licebit
1374 4716 1444 4757 eum
1465 4699 1497 4758 in
1518 4698 1586 4760 civit

179 4785 296 4845 neswic
317 4783 445 4844 liberum
467 4790 559 4862 atque
575 4781 750 4863 expeditum
774 4804 895 4866 semper
915 4783 967 4844 ha·
1010 4823 1427 4832 —------------—-

181 4868 273 4929 beant
284 4886 462 4947 ascensum3
484 4875 516 4928 et
524 4866 697 4927 bruneswic
708 4866 850 4949 deposita
863 4886 967 4930 sarum
1009 4877 1068 4928 feru
1096 4890 1130 4926 nu
1156 4873 1360 4928 entriehtenden
1390 4873 1503 4929 Gebuhr
1527 4877 1565 4929 ist

180 4956 300 5015 sarcina
328 4959 360 5014 et
392 4953 493 5016 soluto
522 4950 638 5033 jbidem
651 4949 700 5029 ²),
732 4952 848 5032 absque
885 4951 968 5012 omni
1010 4945 1194 5030 magulanes..
1486 5019 1492 5032 ,

176 5037 399 5119 jmpedimento
427 5054 523 5116 usque
550 5034 672 5114 abellis,
704 5055 725 5096 a
744 5035 851 5097 zhellis
871 5053 968 5114 usque
1081 5017 1113 5085 3)
1134 5018 1166 5069 ⁰·
1187 5034 1206 5071 ¹·
1225 5016 1287 5070 dsm
1305 5016 1448 5088 Hsrzoge,
1466 5017 1586 5083 mehir*

182 5124 316 5182 bremam
339 5120 434 5182 libere
461 5117 659 5185 descendant.
704 5124 731 5192 §-
754 5121 783 5182 2.
813 5118 845 5181 si
866 5125 969 5180 eutem
1011 5089 1075 5143 dem
1083 5089 1215 5226 mrim
1239 5161 1328 5213 him„
1353 5160 1462 5214 mgcht,
1486 5161 1562 5229 gn„

181 5261 283 5268 ——
298 5262 325 5267 ·-
343 5262 355 5267 -
367 5259 552 5267 ·-···—-—
575 5259 595 5263 ·“
1013 5231 1095 5287 Otto’s
1115 5233 1285 5302 angehbrige
1298 5232 1448 5301 Neueruug
1465 5230 1523 5285 sich
1541 5231 1586 5285 erl

232 5307 284 5375 ’1)
305 5308 396 5374 urst,
415 5303 530 5357 Alterth.
550 5304 603 5371 lll,
621 5302 754 5360 278-80.
1013 5304 1111 5358 dadis
1129 5305 1260 5357 Existcnn
1283 5302 1333 5356 der
1351 5303 1586 5357 Hatbmriuenkircl

253 5378 286 5451 2)
306 5378 358 5430 bar
375 5377 463 5431 blame
490 5376 566 5428 eluar
588 5389 643 5428 von
666 5373 720 5429 deu
745 5373 869 5429 hamdan
887 5374 972 5429 sunt-
1015 5376 1085 5431 1224
1096 5374 1261 5429 urkundlich
1272 5375 1494 5430 nicutbewtsssu
1508 5389 1586 5429 auwr
