3548 5826
684 310 814 371 ew·
1498 308 1560 385 are

78 462 213 525 reinde
232 463 386 525 Bremen's
403 461 616 524 verlautbarcn
638 463 728 524 einen
770 462 962 543 procedatur.
1020 470 1047 538 §-
1076 466 1123 530 13.
1161 464 1242 544 Hec,
1277 483 1337 544 qus
1369 465 1453 528 dicta
1479 475 1559 545 sunt,

78 565 86 606 ι
114 546 209 608 ihnen
237 546 299 607 und
326 546 396 607 dem
417 544 615 606 Embisahole
636 544 728 606 Ger·
770 545 958 627 temporibus
984 548 1045 608 vite
1077 546 1195 608 domini
1212 546 1434 629 archiepiscopi
1462 551 1558 612 nostri

77 677 85 690 .
108 629 166 689 auf
182 629 239 690 des
259 629 405 691 lctzteren
419 627 634 689 Lebensdsuer
655 628 729 690 tiber
770 629 879 708 prefati
900 628 1059 691 durabunt.
1081 665 1122 675 -
1142 630 1177 689 ln
1201 630 1290 710 hujus
1311 633 1355 692 rei
1377 634 1556 693 memoriam

78 711 177 793 lhung
198 712 255 773 der
275 712 448 793 pcinlichen
467 709 729 785 Gerichtabarlieit
770 719 943 792 presentem
962 712 1079 774 literam
1102 712 1194 793 sigilli
1214 714 1311 774 nostri
1325 715 1495 794 spensione
1516 715 1556 776 le·

78 793 519 874 denembischbllichenvogt
540 841 549 872 ,
571 793 728 855 insbeson-
769 795 865 855 cimus
892 794 1039 856 roborari.
1082 794 1195 857 Datum
1218 796 1326 856 Breme
1353 811 1438 858 anno¹
1458 799 1556 879 gratie

78 878 297 958 eBestrsfung
324 877 379 939 der
400 878 497 957 Angri
521 896 538 938 e
566 877 622 937 aui
643 876 725 938 Ehre
768 876 983 953 Mccxhvffl,
1005 877 1229 939 secundaleria
1250 886 1322 959 post
1342 879 1453 940 festum
1475 879 1556 941 besti

78 978 90 1021 r
118 962 206 1027 einer
227 960 341 1022 Person
373 961 471 1021 aowie
500 960 549 1020 die
575 959 727 1040 Theilung
767 959 876 1021 Jacobi
898 961 1053 1040 apostoli‘
1067 960 1126 1036 ³³).

78 1051 199 1125 tltngten
214 1045 333 1105 Bussen
359 1051 447 1105 unter
468 1042 528 1103 den
549 1050 724 1123 genanuten
851 1041 1017 1104 Abdrtlcke
1044 1043 1072 1105 b.
1104 1047 1249 1122 domno,
1279 1043 1406 1105 Grundl.
1434 1044 1556 1106 Bericht

106 1147 144 1187 cu
179 1126 294 1211 Stendc
333 1127 559 1207 gekommenen
596 1126 726 1206 Vertrag
767 1123 989 1206 CapXXllp.
1007 1129 1086 1203 9363
1108 1130 1203 1202 Ldnia
1220 1145 1248 1187 a.
1265 1146 1293 1189 a.
1305 1126 1341 1187 0.
1355 1127 1384 1188 S.
1400 1129 1476 1205 2223
1498 1129 1554 1189 oo-

78 1209 181 1270 enden
203 1208 339 1282 lnhaltsr
766 1211 864 1269 nundi
876 1228 903 1270 a.
926 1227 954 1268 a
968 1207 1004 1269 Ο.
1021 1209 1089 1271 Thl.
1103 1209 1130 1270 11
1152 1208 1182 1270 S.
1195 1210 1355 1287 277-803
1376 1209 1554 1271 Uebersetz-

78 1292 190 1355 insoles
225 1300 256 1353 et
287 1301 352 1352 tota
383 1291 564 1352 universitas
597 1291 726 1351 civitatis
769 1311 830 1372 ung
850 1291 879 1352 b.
893 1292 1008 1353 Duatze
1028 1312 1056 1354 a.
1079 1311 1106 1353 a.
1121 1291 1158 1353 Ο.
1181 1292 1211 1353 S.
1224 1293 1300 1370 456,
1323 1296 1379 1370 573
1399 1291 1550 1354 Er'ltuter·

78 1375 111 1436 tis
134 1392 242 1436 omnes
274 1375 303 1434 in
331 1381 511 1454 perpetuum
540 1374 618 1434 scire
641 1373 726 1433 volu·
766 1373 880 1454 ungb.
903 1375 1143 1436 honestitas.
1167 1375 1203 1439 0.
1227 1375 1424 1440 esso-93.
1547 1398 1554 1417 ·

78 1478 86 1518 r
107 1459 259 1539 presentis
281 1477 371 1538 quam
393 1458 492 1517 future
514 1457 603 1517 etatis
615 1455 726 1537 Christi
848 1459 945 1535 1252,
968 1457 1047 1538 Aug.
1062 1461 1109 1523 17.
1143 1458 1217 1519 Grai
1233 1459 1457 1519 Florentius
1479 1477 1552 1519 von
1571 1459 1611 1522 25

83 1541 166 1620 quod
188 1541 328 1602 dominus
350 1548 456 1600 noster
477 1539 724 1619 archiepiscopus
766 1538 952 1618 Hollsnd,
990 1539 1107 1602 Bruder
1143 1538 1197 1602 des
1230 1540 1403 1602 rbmischen
1435 1541 1553 1623 Kbnigs

78 1625 109 1685 tis
123 1623 277 1685 Gerardue
299 1622 451 1684 secundus
472 1622 631 1683 nobiscum
653 1640 725 1682 con·
765 1621 910 1683 Wilhelm
937 1623 1174 1702 (Willeliinus),
1206 1623 1372 1704 bestbtiget
1398 1623 1457 1685 den
1479 1624 1550 1685 Bur·

78 1726 86 1767 ι
119 1707 201 1768 hunc
235 1705 369 1768 modum.
421 1711 447 1778 ς.
477 1709 504 1768 1.
545 1700 724 1784 Quicunque
765 1724 843 1785 gern
870 1723 932 1766 von
953 1705 1093 1773 „Bremen
1128 1707 1204 1786 [und
1227 1706 1337 1786 Stude]
1367 1707 1428 1768 alle
1460 1706 1551 1768 ihnen

78 1792 99 1850 is
126 1790 218 1849 alium
241 1790 423 1870 burgensem
446 1786 545 1848 verbis
567 1787 723 1866 probrosis
765 1806 836 1848 vom
852 1787 1010 1850 Letzteren
1028 1810 1065 1849 zu
1077 1790 1265 1870 Antwerpen
1278 1789 1452 1851 verliehene
1467 1835 1485 1866 „

78 1892 100 1933 ra
121 1873 211 1934 luerit
231 1882 262 1933 et
282 1874 380 1953 ipsum
403 1869 646 1948 leccatorem³⁰j
672 1888 723 1931 vo·
765 1871 837 1930 tiam
861 1878 893 1930 et
910 1870 1113 1935 libertatem.“
1146 1876 1255 1953 Caesel,
1277 1873 1434 1934 Bremens.
1456 1809 1552 1936 Bffi

97 1954 252 2016 dimidiam
288 1972 420 2015 marcam
453 1953 546 2015 dabit.
590 1952 621 2014 si
649 1972 723 2014 vero
765 1952 796 2014 S.
817 1955 888 2031 279,
905 1956 960 2020 80.

91 2037 241 2100 honorem
263 2057 350 2098 suum
373 2036 473 2097 verbis
495 2035 617 2113 leserit,
639 2035 725 2097 dabit
847 2039 945 2114 1252,
968 2037 1008 2099 Se
1031 2046 1050 2100 t.
1075 2039 1124 2102 28.
1151 2038 1255 2119 Kbnig
1278 2038 1474 2117 Wilhelm,
1497 2057 1553 2099 vor
1569 2054 1609 2117 26

123 2127 150 2194 5.
173 2124 201 2185 2.
241 2120 271 2182 Si
301 2122 358 2200 ipsi
385 2121 506 2199 alapam
539 2117 657 2180 dederit
683 2117 722 2178 ad
764 2119 915 2180 welchem
937 2119 992 2180 der
1008 2058 1184 2183 hremische
1205 2122 1448 2202 Burgermeister
1461 2121 1552 2182 llein-

78 2223 101 2280 o,
125 2203 279 2265 dimidiam
303 2222 436 2263 marcam
458 2201 551 2262 dabit.
589 2208 616 2275 §.
635 2204 664 2266 3.
691 2201 723 2263 81
764 2201 827 2263 rich
856 2201 1035 2264 Woltmann
1069 2205 1244 2284 „quoddam
1277 2205 1469 2286 privilegium
1498 2223 1553 2285 per

78 2286 100 2347 d
130 2297 239 2348 terram
268 2286 429 2367 dejecerit,
463 2284 548 2345 dabit
579 2304 722 2359 marcam.
765 2284 861 2346 felicis
890 2287 1113 2348 recordationis
1134 2287 1299 2349 Henricum
1324 2287 1400 2366 (V.)
1424 2289 1552 2367 impera·

78 2420 80 2428 .
111 2372 177 2449 quie
210 2371 302 2431 etiam
331 2368 489 2449 burgensis
517 2367 650 2448 gladium
673 2367 723 2428 vel
765 2375 863 2429 torem
895 2369 1011 2430 civibus
1034 2370 1208 2453 Bremensis
1237 2371 1369 2431 civitatis
1396 2369 1553 2431 detumet

78 2454 314 2533 revaginsverit
328 2451 368 2512 ad
383 2450 567 2528 nocendum,
587 2451 721 2531 gladium
765 2469 945 2511 concessum
971 2455 1033 2530 [nr.
1056 2454 1090 2532 6]
1123 2453 1269 2534 produxit
1296 2460 1328 2529 et
1356 2453 1495 2514 exhibuit
1515 2471 1553 2513 ac

78 2535 162 2596 ellum
186 2535 302 2616 perdet,
324 2536 448 2614 insuper
470 2533 624 2594 dimidiam
647 2553 722 2593 mar·
765 2531 804 2594 de
826 2533 920 2595 verbo
942 2535 1121 2597 adverbum
1144 2537 1205 2617 legi
1223 2534 1347 2602 lecit⁸⁴t
1374 2583 1381 2596 .
1404 2581 1412 2596 .
1438 2582 1445 2597 .
1469 2581 1476 2596 .
1500 2534 1552 2596 hu·

78 2619 116 2679 vit.
162 2624 188 2691 S.
211 2624 240 2683 5.
275 2617 306 2679 Si
328 2637 401 2678 vero
423 2617 643 2692 vulneraverit,
673 2616 723 2676 da
766 2616 877 2677 militer
891 2618 1081 2699 supplicans,
1104 2621 1202 2699 ipsum
1218 2619 1408 2699 privilegium
1430 2637 1487 2698 per
1507 2637 1551 2678 re-

78 2721 142 2762 am.
186 2701 217 2761 Si
245 2721 314 2760 eum
336 2700 541 2796 debilitaverit
566 2700 598 2759 in
620 2699 723 2777 aliquo
765 2719 835 2780 gem
866 2699 1040 2762 confirmari
1068 2708 1099 2761 et
1119 2709 1245 2783 propter
1275 2703 1369 2781 ipsius
1391 2701 1551 2797 antiquita·
1678 2702 1683 2711 ”

80 2783 198 2946 tilii
218 2782 518 2946 llbelff‘tttl:
534 2790 724 2925 tibull
766 2783 1553 2947 131131313313111ἶῖ1ιῖ31113ἔὲ

78 2953 102 3014 h.
127 2949 159 3011 Si
182 2969 254 3010 vero
277 2969 346 3010 eum
369 2948 526 3026 occiderit,
542 2952 627 3028 justo
644 2947 724 3027 judi·
766 2949 867 3008 Bitten
895 2948 1035 3008 nach-
1062 2969 1120 3027 „ac
1152 2952 1255 3012 omnia
1283 2958 1315 3010 et
1340 2948 1461 3030 singula
1482 2951 1553 3029 jura

88 3031 341 3112 deprehenditur,
372 3033 522 3112 punietur.
573 3037 599 3104 §.
621 3035 650 3094 7.
693 3030 725 3091 si
766 3030 962 3110 supradicte
984 3024 1197 3113 etaliajuro,
1226 3052 1305 3112 quae
1327 3052 1347 3093 a
1368 3033 1448 3113 regie
1469 3038 1552 3092 ante·

78 3137 82 3173 ι
104 3116 203 3193 luerit,
224 3114 438 3195 proscribetur.
477 3114 563 3175 Etsi
586 3133 654 3173 cum
677 3132 724 3174 ac
767 3112 940 3174 sessoribus
961 3115 1035 3193 ipsis
1058 3124 1130 3175 sunt
1150 3134 1315 3192 concessa,
1344 3115 1388 3176 eis
1410 3112 1553 3174 concedit

78 3200 288 3279 composuerit,
311 3218 367 3277 pro
389 3197 486 3259 reditu
499 3197 583 3257 dabit
599 3196 724 3256 domino
768 3205 799 3257 et
820 3195 1009 3275 confirmat“,
1042 3197 1145 3258 indem
1173 3218 1206 3259 er
1233 3198 1371 3278 nugleich
1399 3196 1459 3258 den
1480 3196 1552 3258 Bur·

78 3300 172 3361 scopo
200 3289 231 3341 et
258 3281 346 3341 nohis
374 3283 497 3362 triginta
526 3299 659 3357 marcas,
696 3287 727 3339 et
789 3282 983 3358 ermeistern,
1010 3280 1223 3342 Rathmunnen
1251 3280 1312 3342 and
1334 3281 1470 3361 Burgern
1499 3279 1553 3340 der

78 3363 149 3424 dare
172 3385 232 3424 non
255 3366 376 3444 poterit,
400 3356 538 3425 Bremam
560 3362 599 3423 de
621 3372 724 3422 cetero
767 3300 855 3423 {tadt
875 3363 1004 3424 Bremen
1027 3364 1056 3423 in
1080 3366 1195 3426 seinem
1217 3370 1407 3446 gesammten
1423 3362 1552 3424 Gebiete

78 3447 152 3507 abit,
197 3454 224 3519 ς.
245 3455 274 3510 s.
309 3446 342 3515 Si
362 3448 471 3526 aliquis
493 3448 523 3506 in
547 3445 724 3507 defensioue
767 3446 874 3506 seinen
906 3445 967 3506 und
1000 3445 1054 3507 des
1086 3447 1217 3508 Reiches
1254 3446 1365 3508 Schutn
1397 3447 1458 3506 und
1492 3445 1551 3506 den

78 3529 148 3590 lium
172 3530 220 3590 vel
244 3530 398 3590 cultellum
421 3530 639 3610 evaginaverit,
662 3548 724 3588 non
766 3528 1043 3609 friedlich-ruhigen
1072 3529 1193 3592 Genuss
1229 3529 1284 3591 der
1317 3529 1551 3590 vorerwlthnten

78 3614 129 3690 rit,
157 3614 184 3673 si
211 3613 419 3674 defensionem
446 3632 531 3673 suam
553 3633 609 3692 per
631 3618 724 3672 testes
766 3610 896 3672 Gnaden
919 3613 979 3672 und
996 3613 1185 3689 Freilreiten‚
1208 3619 1461 3693 unterstrengem
1478 3612 1551 3672 Ver·
1596 3622 1600 3629 '

88 3697 202 3776 poterit
222 3695 362 3775 probare.
402 3702 429 3769 S.
451 3699 480 3759 9.
510 3694 541 3755 si
563 3696 723 3774 quievero
766 3693 840 3755 bote
851 3696 927 3756 aller
939 3694 1117 3776 Hinderung
1135 3695 1196 3756 und
1205 3696 1433 3776 Beschwerung
1444 3695 1551 3772 hierio,

78 3798 180 3839 cessus
192 3780 325 3838 minores
343 3799 404 3840 non
420 3779 534 3859 poterit
550 3778 724 3854 emendare,
766 3778 925 3838 zusichert.
955 3782 1085 3854 Conriap
1101 3798 1129 3840 a.
1145 3799 1172 3842 a.
1185 3779 1221 3840 Ο.
1237 3776 1365 3857 CaplX
1377 3798 1407 3858 p.
1420 3780 1551 3856 etseq,

78 3861 170 3922 rblice
192 3863 318 3922 cedetur
339 3871 371 3922 et
391 3863 544 3924 civitatem
564 3861 723 3941 abjurabit.
767 3862 865 3936 Ldoip
882 3881 910 3921 a.
932 3882 960 3922 a.
982 3860 1019 3922 Ο.
1043 3862 1072 3923 S.
1084 3865 1154 3939 222,
1176 3864 1232 3939 233
1254 3865 1497 3938 mereweda
1514 3859 1551 3920 Ο.

78 3946 115 4006 >e
144 3947 203 4005 isto
232 3951 346 4005 statuto
368 3947 561 4025 excipiuntur
586 3944 646 4020 illi,
674 3944 724 4023 qui
766 3942 857 4004 'l'hll
878 3943 907 4006 S.
924 3946 1074 4009 241-49.
1117 3945 1252 4005 Deutsch
1274 3947 1338 4005 dus.
1361 3944 1391 4006 S.
1409 3943 1551 4007 242-44

78 4029 284 4108 npositionem
307 4027 422 4088 domini
443 4030 539 4089 nostri
562 4026 644 4087 urchi
687 4029 724 4086 is·
767 4026 828 4086 und
851 4026 879 4088 b.
905 4029 1018 4103 Ousire
1049 4048 1077 4090 a.
1104 4048 1132 4088 a.
1155 4028 1192 4090 0.
1215 4028 1245 4090 S.
1267 4030 1343 4107 168,
1372 4029 1419 4090 63.

78 4120 154 4171 ctam
192 4112 345 4171 civitatem
375 4111 570 4172 Bremensem
606 4047 724 4170 tradit-e
848 4110 950 4171 Ueber
978 4110 1027 4172 die
1055 4111 1139 4171 nicht
1174 4131 1211 4171 au
1242 4108 1462 4172 beuweilelnde
1491 4107 1551 4169 Un-

77 4202 88 4253 t
109 4201 141 4254 et
162 4212 317 4270 cremare,
340 4195 365 4254 si
387 4193 447 4255 hoc
467 4214 523 4274 per
544 4200 639 4253 testes
659 4192 724 4253 ido·
767 4192 902 4253 iichtheit
915 4192 970 4253 des
981 4193 1206 4255 Rechtsbrieies
1219 4213 1243 4254 s.
1257 4193 1307 4255 die
1318 4191 1551 4270 Bemerlrungeu

78 4277 155 4338 thari
182 4277 339 4356 l'poteritj,
362 4284 393 4337 et
412 4276 502 4356 servi,
526 4278 577 4357 qui
600 4277 723 4337 servitio
767 4296 803 4335 nn
818 4281 896 4340 nub
919 4276 980 4335 und
994 4277 1043 4337 die
1072 4277 1141 4336 dort
1165 4276 1360 4357 angelsshrte,
1382 4273 1460 4335 auch
1474 4273 1540 4334 hier

78 4380 95 4418 s
118 4359 262 4439 obligati,
285 4361 476 4439 excipiuntur
497 4361 589 4420 etiam
611 4360 652 4435 hi,
674 4360 724 4438 qui
767 4359 821 4418 her
843 4358 1021 4440 bezilgliche
1042 4360 1201 4421 Literatur.
1381 4425 1385 4434 ,

83 4442 485 4522 lineasuntconjuncti³¹).
510 4449 537 4516 §.
554 4447 599 4505 11.
621 4443 724 4503 Poene
850 4444 945 4519 1251,
972 4442 1044 4522 Apr.
1072 4446 1116 4506 19.
1159 4441 1238 4502 Grai
1253 4440 1454 4501 lohannes
1481 4456 1550 4498 von
1569 4454 1607 4517 ῃ

91 4544 271 4586 exceasuum
308 4524 432 4587 habehit
453 4524 594 4587 dominus
621 4533 726 4585 noster
767 4523 992 4605 Oldenburg
1013 4526 1087 4605 geht
1100 4525 1153 4584 mit
1176 4523 1234 4585 den
1249 4524 1383 4603 Burgern
1397 4522 1551 4581 Bremen's

78 4626 184 4688 scopus
212 4607 406 4669 medietatem
441 4616 473 4669 et
503 4628 560 4669 nos
593 4608 724 4668 mediam
766 4626 820 4667 zur
831 4607 1028 4688 Beseitigung
1050 4626 1110 4667 von
1122 4606 1353 4687 Zwistiglreiten
1375 4605 1465 4666 einen
1479 4603 1552 4663 Ver·

105 4695 134 4763 §-
158 4692 206 4754 1⁴2.
237 4691 314 4751 lllud
341 4700 485 4752 statutum
512 4692 543 4751 in
565 4691 649 4751 nullo
673 4692 724 4749 mi·
765 4689 866 4770 gleich
885 4690 1136 4771 („complanacio
1154 4690 1218 4750 sive
1240 4685 1467 4769 composicio“)
1492 4685 1551 4761 ein,

78 4774 172 4834 ‚icium
195 4775 342 4854 pretoris,
365 4775 423 4835 nisi
433 4774 480 4853 ³²)
505 4793 608 4834 coram
631 4773 725 4834 advo·
767 4773 852 4833 dsrin
875 4774 933 4835 den
955 4773 1114 4833 Letzteren
1136 4779 1224 4841 unter
1240 4770 1394 4832 Auderem
1415 4786 1551 4848 verspre-

78 4857 150 4917 mini
176 4859 271 4918 nostri
300 4857 523 4937 archiepiscopi
545 4866 653 4917 contra
674 4856 724 4916 dc·
766 4855 880 4916 chend:
940 4855 1018 4934 „Per
1053 4875 1176 4917 omnem
1210 4853 1377 4914 districtum
1414 4858 1551 4912 nostrum

78 4959 126 5018 ea,
164 4939 331 5001 secundum
366 4940 448 5021 quod
477 4944 593 5021 justum
625 4940 723 5014 fuerit,
765 4938 933 5019 burgenses
951 4938 1131 4998 Bremenses
1152 4936 1192 4997 ab
1213 4936 1297 4997 omni
1319 4935 1464 4996 theloneo
1486 4934 1552 4994 sive

78 5081 225 5152 „leckcr“‚
244 5081 421 5135 Schlemmer.
457 5081 624 5146 Diesenbuclr,
646 5080 723 5134 (ilos-
838 5075 887 5143 33)
908 5074 958 5127 Die
978 5078 1020 5140 ss.
1041 5074 1109 5129 1-9
1131 5072 1221 5127 bilden
1242 5071 1286 5124 die
1305 5070 1401 5136 Quclle
1420 5070 1470 5122 der
1484 5069 1550 5122 Stat.

78 5152 170 5208 Germ.
191 5154 219 5206 S.
232 5152 291 5208 322.
768 5166 792 5200 v.
813 5148 881 5202 1303
908 5149 945 5199 im
964 5146 1126 5199 Abschnitte
1151 5160 1222 5210 „van
1242 5142 1385 5196 notwere“
1406 5141 1507 5207 Ant,
1525 5142 1551 5207 3,

78 5228 202 5278 bonam
221 5240 245 5277 a.
265 5240 290 5276 a.
309 5223 341 5276 0.
361 5223 381 5288 l,
403 5224 436 5278 81
456 5223 575 5286 110130,
595 5223 637 5277 31.
769 5221 852 5281 5-7,
873 5219 905 5272 14
927 5217 1059 5283 (celricus
1078 5233 1102 5267 a.
1122 5232 1147 5267 a.
1167 5215 1198 5267 0.
1220 5215 1247 5270 S.
1257 5215 1291 5269 33
1312 5213 1358 5283 flg.
1377 5213 1421 5280 42,
1439 5212 1498 5272 431.

78 5295 247 5363 „Sonderm‘
269 5292 306 5366 [s.
327 5298 400 5350 oben
420 5294 490 5348 Note
511 5294 571 5360 18].
593 5295 645 5364 Vgl
673 5297 727 5346 Do·
840 5290 888 5352 34)
910 5289 975 5342 Hier
999 5291 1036 5341 ist
1054 5287 1103 5340 des
1122 5287 1193 5341 Priv.
1219 5304 1242 5340 v.
1262 5286 1326 5340 1111
1354 5283 1478 5337 wortliclr
1498 5286 1552 5335 ein·

78 5386 103 5423 ι
122 5367 156 5423 0.
174 5368 197 5434 l,
215 5367 250 5426 73
268 5366 315 5438 tlt.
769 5363 892 5432 garuckt.

1254 5422 1359 5530 ⁵21·
