3548 5826
634 254 846 313 Bodanwardar.
1487 260 1551 329 247

78 409 603 488 rmiuomvcrittressolidosmnum
606 408 713 489 judici,
756 429 815 472 uec
837 412 957 490 justitia
984 412 1178 490 extrahatur,
1212 414 1263 492 qui
1298 413 1475 474 violentiam
1505 415 1549 477 illi

77 510 143 567 ros,
172 491 271 553 dabit.
317 493 416 566 514.
444 492 587 568 Pistoris,
614 492 713 550 11111-
756 493 874 571 fecerit,
898 495 999 574 capite
1021 495 1173 574 puniatur.
1217 501 1244 568 5.
1268 499 1316 559 33.
1347 494 1482 569 Quilibet
1509 500 1549 557 ci·

78 575 175 634 imilis
194 576 253 635 erit
270 594 360 656 pena.
385 578 473 648 515.
500 573 644 634 Carnifex
662 593 712 634 ex·
755 576 836 635 vium
859 577 1056 655 semetipsum
1075 585 1128 636 aut
1146 578 1305 638 concivem
1328 598 1425 655 suum,
1448 581 1473 639 si
1498 600 1549 641 ue-

78 657 252 717 tonsulibus
268 658 455 737 corrigatur,
476 657 502 715 si
524 675 586 716 nou
610 676 712 716 ernen-
755 676 844 719 cesse
865 658 1019 737 habuerit,
1047 659 1166 738 eripere
1187 679 1207 718 a
1222 659 1335 738 judicis
1359 662 1473 739 poterit
1494 682 1547 741 po·

78 738 250 818 rsolidoa,
273 739 372 819 Judici
393 758 485 799 uuam
507 745 643 819 partem,
673 739 711 797 oi·
755 746 865 800 testate
887 740 944 800 sub
957 740 1152 820 obligacione
1175 739 1319 801 domicilii
1343 743 1409 802 sive
1426 742 1546 808 domus.

78 840 113 899 s,
137 821 234 882 dabit.
269 829 295 896 5.
324 825 371 886 16.
393 820 425 882 si
448 839 556 881 carues
577 839 640 880 nou
664 840 710 880 aa·
755 827 782 893 §.
805 823 854 885 34.
890 822 985 882 Iudex
1017 823 1133 882 nullum
1168 831 1342 884 nostrorum
1374 827 1546 885 concivium

78 904 144 979 1111,
166 903 267 983 judex
296 904 384 965 tollet
411 903 478 962 illas
506 904 667 982 ipsumque
691 923 710 961 v
752 908 857 983 potest
878 903 917 964 de
933 904 1037 983 aliquo
1056 906 1241 965 convincere
1264 905 1466 986 vclgravare,
1489 909 1546 967 nisi

78 986 95 1044 »i
120 994 153 1046 et
175 987 293 1047 civibus
315 983 564 1065 condempnabit.
609 990 636 1057 5.
663 988 708 1048 li.
753 1005 820 1045 curn
845 986 939 1047 tribus
957 985 1072 1046 civibus
1096 988 1226 1066 probare
1240 989 1353 1067 poterit
1376 999 1483 1049 contra
1504 992 1547 1070 ip-

78 1070 256 1147 )uqueritur
279 1077 310 1129 et
330 1068 420 1145 dicit,
442 1088 477 1127 se
500 1068 707 1127 testimouium
752 1088 828 1128 sum.
861 1075 888 1140 5.
911 1072 960 1133 35.
983 1069 1015 1128 si
1038 1069 1104 1147 quis
1127 1070 1157 1128 in
1173 1071 1296 1129 civitate
1314 1070 1428 1148 aliquid
1444 1090 1547 1132 emere

78 1171 148 1227 um,
171 1170 230 1212 nee
251 1152 358 1230 possit,
376 1150 472 1231 judici
490 1149 608 1209 solidos
630 1149 708 1209 dnos
755 1150 802 1211 vel
827 1150 962 1211 vendere
984 1151 1130 1228 voluerit,
1158 1151 1334 1212 theloneum
1358 1152 1547 1214 nullumne

99 1236 152 1297 te.
188 1233 247 1308 Qui
276 1236 431 1294 armisona
463 1233 598 1292 clamore
629 1233 711 1291 cives
754 1233 807 1293 bit.
852 1239 879 1305 5.
902 1235 952 1298 36.
974 1232 1007 1294 si
1029 1234 1095 1312 quis
1119 1236 1328 1313 apportaverit
1349 1235 1462 1309 viuum,
1485 1255 1547 1295 cer-

78 1317 130 1375 uit
151 1316 219 1376 sine
241 1335 343 1393 causa,
360 1315 457 1393 judici
479 1313 596 1375 solidos
620 1335 638 1373 v
660 1313 711 1373 da
753 1316 861 1375 viciam
884 1322 937 1376 aut
959 1316 1139 1394 medonem,
1167 1316 1234 1376 siue
1264 1335 1417 1376 consensu
1439 1336 1547 1377 consu-

78 1400 103 1460 3.
138 1397 171 1458 si
195 1399 262 1477 quis
294 1399 465 1458 concivium
495 1397 650 1474 impetitur
672 1396 710 1455 ab
753 1397 816 1456 lum
838 1417 893 1476 per
915 1417 1088 1458 mensuram
1111 1397 1244 1458 vendere
1265 1417 1328 1458 non
1350 1398 1467 1476 licebit,
1495 1399 1547 1460 ob·

78 1480 174 1540 »mine
199 1480 362 1560 cujuslibet
382 1480 553 1556 servitutis,
579 1479 603 1537 si
638 1497 709 1537 con·
754 1486 838 1540 tento
862 1498 936 1541 vero
959 1499 1129 1558 consensu,
1152 1479 1190 1539 de
1214 1500 1356 1540 mensura
1377 1482 1455 1558 vini,
1488 1501 1548 1559 que

78 1561 209 1622 domino
232 1582 289 1622 suo
310 1563 403 1622 stabit
424 1561 527 1623 debita
549 1562 711 1639 servitute,
752 1582 822 1622 ame
834 1562 1001 1642 vulgariter
1016 1569 1218 1641 nuncupatur,
1241 1563 1383 1623 denarios
1405 1583 1460 1623 sex
1476 1583 1548 1705 per-

78 1645 142 1715 rit,
180 1644 257 1705 liber
286 1646 343 1705 erit
368 1645 496 1725 prestito
521 1647 709 1723 juramento.
752 1644 863 1723 solvet,
886 1643 925 1704 de
947 1663 1026 1724 cupa
1041 1645 1170 1705 cervisie
1192 1645 1242 1705 vel
1262 1644 1402 1706 medonis
1415 1646 1474 1706 soli
1498 1667 1547 1706 um

85 1727 160 1805 quis
183 1747 238 1805 pro
261 1727 364 1805 aliquo
388 1746 516 1786 excessu
540 1726 649 1784 exierit
670 1726 709 1785 ci·
752 1747 845 1786 unum
868 1725 962 1787 dabit.
1006 1732 1033 1799 5.
1056 1729 1105 1791 37.
1129 1726 1161 1787 si
1183 1729 1249 1805 quis
1268 1727 1392 1787 domum
1418 1728 1549 1789 voluerit

78 1810 105 1869 ai
136 1807 237 1868 redire
265 1809 410 1885 voluerit,
440 1829 507 1868 cum
532 1806 709 1867 consulibus
752 1808 914 1886 edificare,
936 1809 967 1869 iu
989 1810 1145 1888 positione
1168 1809 1280 1868 liminis
1301 1809 1379 1868 infra
1399 1829 1433 1868 ee
1455 1817 1486 1870 et
1506 1811 1547 1869 vi-

77 1891 190 1951 lomiui
220 1892 409 1970 impetrabit,
442 1898 474 1950 et
501 1889 582 1969 qnod
613 1889 708 1969 judici
752 1892 853 1950 einum
887 1909 976 1951 suum
1006 1889 1083 1951 duos
1114 1892 1257 1950 consules
1280 1890 1442 1969 vocitabit,
1474 1911 1547 1971 quo-

78 1976 128 2050 ius
152 1974 216 2033 erit
265 1979 292 2045 5.
315 1976 364 2036 21.
387 1973 445 2047 Qui
469 1992 573 2033 coram
590 1971 709 2050 judicio
752 1993 817 2033 rum
842 1974 1020 2034 testimonio
1036 1972 1267 2033 fundamentum
1290 1972 1401 2034 edificii
1424 1975 1470 2033 sui
1493 1994 1546 2053 po-

80 2056 177 2115 uxori
200 2059 266 2134 ejus
289 2065 319 2116 et
341 2057 443 2135 pueris
465 2054 592 2132 dederit,
616 2063 647 2114 et
662 2057 709 2133 ju·
752 2062 820 2132 net,
842 2056 909 2115 sinc
931 2056 1023 2115 vicini
1045 2056 1091 2115 sui
1115 2075 1186 2115 aree
1209 2055 1409 2134 detrimento,
1438 2056 1549 2135 quodsi

78 2159 82 2195 1
114 2136 250 2197 solidum
281 2139 310 2198 iu
341 2138 547 2197 testimonium
582 2135 710 2213 dederit,
753 2157 841 2198 secus
863 2138 985 2216 fecerit,
1017 2158 1082 2196 xxx
1104 2137 1221 2198 solidos
1238 2137 1357 2217 judicio
1381 2145 1412 2198 et
1433 2138 1548 2198 civibus

79 2226 146 2279 tem
174 2219 255 2278 illins
285 2220 484 2281 hereditatem
508 2238 593 2278 suom
616 2238 708 2278 nemo
752 2219 897 2280 vadiabit.
942 2225 969 2291 5.
991 2222 1041 2284 38.
1070 2218 1101 2279 si
1124 2221 1191 2298 quis
1214 2240 1318 2299 sepem
1349 2219 1550 2300 probabiliter

94 2308 130 2362 et
151 2303 238 2380 pueri
269 2308 334 2383 ejus
358 2302 476 2364 tollent.
521 2306 548 2376 5.
571 2303 620 2363 22.
650 2300 709 2375 Qui
752 2304 864 2382 injuste
886 2304 1040 2381 posuerit,
1062 2322 1118 2381 pro
1140 2302 1277 2381 qualibet
1297 2302 1374 2362 sude
1396 2310 1456 2362 tres
1479 2303 1549 2363 soli-

88 2385 248 2445 civitatem
270 2393 301 2445 et
323 2386 433 2445 morari
450 2384 591 2456 voluerit,
614 2403 709 2461 arma,
752 2385 809 2445 dos
842 2383 979 2445 vadiabit
1006 2383 1125 2464 judicio
1160 2393 1191 2444 et
1223 2384 1340 2445 civibus
1376 2384 1547 2446 antedictis.

78 2468 144 2545 erit,
166 2467 281 2546 hospiti
304 2487 361 2528 suo
380 2467 584 2547 presentabit,
607 2466 631 2524 si
654 2485 708 2524 no·
754 2474 781 2541 5.
804 2470 853 2531 39.
881 2467 913 2526 si
935 2469 1001 2546 quis
1033 2468 1063 2527 in
1085 2466 1225 2546 hospicio
1247 2467 1375 2546 alicujus
1398 2469 1473 2526 civis
1495 2468 1547 2527 ali-

78 2549 209 2608 ferantur
230 2551 257 2609 ci
281 2559 312 2610 et
324 2550 503 2627 vendantur,
527 2557 557 2608 ct
573 2549 709 2627 precium
752 2568 830 2629 quos
859 2549 1002 2609 denarios
1025 2551 1250 2629 consumpserit
1270 2551 1299 2608 in
1324 2551 1483 2628 expensis,
1518 2557 1548 2609 et

94 2632 209 2692 civium
224 2634 289 2693 erit.
335 2639 360 2705 5.
384 2635 433 2696 23.
457 2632 580 2692 Homini
597 2630 709 2708 depau-
752 2632 874 2711 hospite
897 2632 993 2691 inscio
1024 2640 1054 2692 et
1076 2633 1172 2691 invito
1194 2631 1279 2692 abire
1302 2630 1449 2707 voluerit,
1480 2632 1548 2691 sine

79 2713 177 2773 odere
207 2734 263 2774 sua
290 2716 376 2792 licet,
406 2717 429 2774 si
454 2734 514 2774 non
538 2732 644 2774 coram
661 2716 709 2791 ju·
752 2734 826 2774 vara
857 2714 971 2794 hospiti
1000 2716 1099 2794 ipsum
1128 2714 1265 2774 detinere
1288 2712 1405 2790 licebit,
1436 2729 1547 2791 quous-

78 2797 103 2855 ri
135 2806 166 2856 et
197 2799 299 2876 pueris
323 2800 384 2857 suis
408 2797 500 2857 dedit.
546 2802 573 2868 §.
596 2796 644 2857 24.
677 2794 709 2854 si
753 2816 812 2876 que
834 2796 876 2855 illi
900 2796 1081 2857 satisfecerit
1102 2796 1141 2857 dc
1164 2797 1326 2876 expensisr
1362 2794 1472 2874 quodsi
1495 2795 1547 2855 do·

78 2888 248 2939 emortuus
279 2880 367 2940 fuerit
388 2880 523 2956 alienus,
555 2877 709 2938 hereditas
753 2899 833 2939 mum
857 2882 923 2958 ejus
945 2881 1067 2956 exierit,
1091 2879 1211 2957 insequi
1232 2879 1330 2958 ipsum
1354 2885 1471 2957 potest,
1494 2876 1547 2936 do-

78 2960 142 3020 1111
170 2970 357 3039 reservetur,
389 2962 490 3022 11111111
518 2962 607 3020 heres
628 2959 709 3019 illius
753 2980 811 3021 nec
830 2962 973 3040 recipiat,
998 2961 1082 3040 quod
1105 2970 1152 3021 est
1173 2981 1272 3021 suum.
1318 2959 1546 3033 541181111-

78 3045 106 3103 111
123 3044 244 3123 justitia
266 3065 333 3104 earn
350 3044 487 3125 postulet-
509 3052 540 3104 et
563 3044 710 3120 requirat,
753 3052 813 3105 tem
836 3043 961 3102 domum
988 3043 1116 3123 alicujus
1141 3044 1288 3121 profugus
1314 3042 1487 3117 intraverit,
1516 3043 1546 3099 in

78 3146 181 3185 tanum
211 3135 241 3186 et
263 3126 342 3187 diem
367 3127 467 3187 nullus
490 3127 626 3203 venerit,
658 3124 709 3184 be·
752 3126 859 3187 eadem
885 3125 1015 3185 eundern
1040 3124 1158 3204 judicio
1187 3122 1346 3204 obligabit.
1392 3129 1418 3196 5.
1442 3126 1490 3184 41.
1514 3122 1546 3183 81

80 3208 156 3268 dicis
181 3229 219 3268 ex
242 3216 314 3268 tunc
336 3212 402 3270 erit.
447 3215 475 3281 5.
498 3211 546 3272 25.
576 3209 635 3282 Qui
657 3226 708 3286 pa
751 3208 883 3269 artifices
913 3227 1073 3285 manuum,
1104 3214 1137 3268 ut
1163 3213 1234 3266 sunt
1261 3211 1397 3266 textores
1423 3203 1547 3265 lanificii

78 3311 119 3350 11111
148 3290 319 3370 infregerit,
355 3299 425 3352 octo
450 3291 566 3351 talenta
588 3288 708 3368 judicio
751 3291 800 3351 vel
823 3298 958 3368 sutores,
981 3291 1011 3348 iu
1035 3292 1096 3349 suis
1118 3288 1226 3350 ciliciis
1248 3286 1419 3347 vendendis
1441 3305 1546 3347 exces-

104 3379 131 3445 5.
153 3375 203 3438 36.
227 3373 284 3447 Qui
308 3374 353 3452 id,
383 3374 464 3454 quod
488 3373 634 3433 silfrichte
656 3391 708 3431 vo·
751 3374 861 3443 serint,
884 3392 903 3432 a
925 3370 1305 3451 consulibusjudicantur.
1325 3407 1349 3416 —
1381 3369 1423 3430 Ut
1443 3375 1546 3429 autern

78 3457 240 3533 mmiserit,
263 3478 325 3515 xxx
349 3457 477 3534 solidos,
501 3477 520 3514 x
538 3455 646 3535 judici,
669 3455 708 3513 ci·
751 3457 856 3515 omnia
878 3454 936 3514 hec
957 3455 1129 3534 prescripta
1149 3453 1242 3514 robur
1258 3453 1418 3533 optineant
1440 3470 1546 3531 perpe-

96 3559 150 3597 xx.
195 3544 222 3610 5.
241 3542 288 3602 21.
312 3539 475 3600 Dominics
496 3537 707 3617 postBartho·
751 3546 801 3599 tue
831 3537 996 3615 firmitatis,
1031 3556 1158 3616 presens
1192 3537 1336 3615 scripturn
1372 3553 1440 3594 cum
1474 3552 1546 3593 con-

86 3628 159 3701 post
180 3620 261 3681 Galli
284 3622 425 3682 omnibus
455 3621 582 3681 liberum
608 3619 706 3679 forum
750 3638 842 3682 sensu
866 3618 1011 3680 heredum
1041 3626 1218 3681 nostrorum
1241 3617 1342 3698 sigillo
1367 3624 1472 3677 nostro
1496 3615 1545 3675 de-

78 3704 140 3761 ein
163 3724 275 3762 nonam
299 3704 406 3764 horam
429 3705 516 3764 tertie
540 3703 616 3778 diei,
648 3703 706 3760 nisi
750 3703 900 3763 crevimus
930 3704 1128 3763 communire.
1175 3699 1329 3779 [Testes]
1377 3699 1457 3760 Acta
1477 3704 1548 3758 sunt

78 3786 156 3845 verit
182 3785 371 3866 libertatern,
405 3786 487 3865 quod
516 3787 565 3865 qui
591 3784 705 3864 fecerit,
751 3786 809 3845 hec
830 3803 911 3843 auno
935 3783 1052 3844 domiui
1074 3783 1238 3843 millesimo
1262 3781 1473 3842 ducentesimo
1497 3798 1546 3841 oc

78 3870 206 3928 :utencie
236 3867 416 3948 subjacebit.
461 3869 560 3941 §.23
587 3866 708 3945 Siquis
751 3869 903 3948 togesimo
946 3868 1094 3946 septimo,
1137 3872 1246 3944 quarto
1297 3862 1447 3924 kalendas
1492 3862 1547 3923 Fe·

95 3950 199 4021 fnerit,
227 3952 426 4029 pensionem,
457 3971 517 4033 qne
545 3949 633 4009 scoth
656 3968 707 4009 vo·
751 3950 893 4010 111111111.ιι

80 4031 172 4093 bitem
196 4053 259 4092 non
282 4033 420 4111 dedisse,
448 4033 523 4094 nulli
546 4052 638 4111 super
659 4051 708 4104 ec,
833 4029 999 4091 Abdrttcke
1029 4033 1064 4104 at
1095 4031 1126 4090 in
1154 4028 1214 4090 den
1239 4031 1375 4105 Oripr'oes
1399 4030 1548 4099 Guelficne

82 4116 259 4176 consulibus
272 4115 481 4197 respondebit.
516 4122 542 4187 5.
566 4117 615 4177 23.
637 4113 708 4173 11111-
750 4113 892 4175 Tom.lV
914 4112 1030 4193 ptos,
1056 4115 1095 4177 96
1117 4133 1162 4172 nr.
1176 4114 1232 4188 203
1254 4112 1290 4182 bl
1316 4112 1346 4170 iu
1368 4109 1405 4169 D.
1424 4107 1460 4170 E.
1485 4109 1546 4167 Bo·

78 4206 243 4258 inostrum
266 4218 321 4277 pro
344 4201 458 4278 injusto
478 4199 625 4278 pondere,
646 4215 708 4256 11111-
751 4201 843 4273 rinpii
871 4194 974 4256 Clavis
1011 4194 1225 4274 diplomatica,
1257 4192 1314 4253 Ed.
1333 4195 1363 4255 2.
1390 4190 1546 4251 Hanover.

78 4304 83 4339 1
111 4291 164 4340 aut
186 4299 328 4341 mensura
355 4300 501 4341 accusare
524 4280 637 4359 poterit
657 4285 710 4337 aut
755 4281 842 4344 1154.
865 4277 931 4352 4⁰..
963 4278 1166 4357 Diplomatar.
1194 4275 1247 4335 Nr.
1271 4275 1285 4335 I
1313 4295 1341 4354 p.
1364 4272 1549 4348 477-793

92 4363 150 4422 uisi
179 4364 209 4421 iu
241 4364 380 4424 manibus
414 4363 493 4423 iltius
520 4363 632 4422 fuerint
660 4360 709 4419 dc·
753 4363 828 4437 etin
840 4364 953 4421 1111111111
966 4359 1181 4420 Stadtrechteu
1192 4356 1363 4417 dblAlters
1376 4354 1547 4418 sas-³0.

78 4467 83 4518 ;
114 4444 180 4522 hic,
211 4447 263 4523 qui
291 4447 395 4522 fuerit,
430 4465 500 4508 cnm
529 4444 655 4504 domino
680 4450 711 4503 ct
837 4445 933 4520 135⁷,
954 4442 1025 4503 dun.
1053 4447 1096 4506 15.
1129 4442 1187 4502 Die
1210 4439 1328 4501 Junker
1350 4433 1547 4515 Siegfried
1587 4420 1606 4481 2

78 4547 91 4585 s
124 4527 184 4588 hoc
219 4538 395 4608 componet.
446 4534 471 4600 5.
495 4530 545 4592 311.
580 4526 610 4587 si
643 4527 710 4605 quis
753 4525 816 4588 und
838 4524 1038 4604 Rudolph,
1061 4524 1131 4585 cdle
1153 4523 1268 4583 Herren
1292 4541 1334 4580 zu
1355 4516 1549 4595 Homburg

78 4619 157 4670 nstro
187 4609 293 4690 judice
327 4611 384 4672 sibi
414 4610 546 4671 voluerit
568 4607 711 4688 judicari,
755 4608 936 4670 bestimmen
953 4608 1008 4666 mit
1018 4605 1240 4685 Einwilligung
1257 4603 1338 4663 ihrer
1351 4599 1475 4663 rechten
1494 4597 1548 4658 Er-

78 4712 107 4751 m
136 4693 305 4752 secundum
328 4694 478 4773 Justitiam
502 4690 710 4771 respondebit
754 4693 831 4766 ben,
865 4690 963 4750 sowie
992 4690 1047 4749 des
1068 4687 1184 4748 Rathcs
1217 4684 1278 4745 und
1307 4684 1361 4746 der
1389 4680 1548 4761 „ghansen
1634 4688 1637 4694 '

80 4774 108 4833 ui
141 4775 274 4855 aliquem
309 4777 471 4837 concivem
507 4783 644 4835 nostrum
673 4773 712 4833 dc
755 4774 901 4852 meuheyt
922 4773 982 4832 ires
1003 4768 1182 4831 Wicbeldes
1206 4776 1237 4828 to
1260 4767 1350 4827 deme
1364 4762 1548 4825 Bodenwer-

78 4902 80 4906 .
112 4857 161 4917 vel
190 4859 330 4918 convicio
365 4858 510 4918 infamem
547 4855 713 4917 reddiderit
756 4857 889 4917 dere-
914 4853 967 4913 dat
999 4853 1066 4912 dat
1093 4849 1282 4912 ammccht
1310 4847 1374 4908 der
1402 4844 1549 4924 Lyncu-

81 4952 160 5015 tum,
194 4941 220 5000 si
243 4942 402 5001 convictus
423 4941 514 5001 fuerit
535 4959 628 5018 snper
649 4938 713 5015 illo,
756 4957 910 4999 wevera
930 4934 1016 4996 schal
1030 4932 1151 4995 hebben
1174 4932 1219 4992 dit
1236 4930 1322 4992 recht
1343 4949 1382 4988 vn
1396 4933 1476 4985 sate:
1501 4945 1549 5005 we

78 5042 128 5095 os,
152 5023 294 5104 vjndici,
319 5023 426 5102 vleso,
449 5022 566 5084 civibus
589 5021 713 5099 datxx3
756 5022 801 5082 dit
821 5018 976 5080 ammecht
997 5018 1121 5077 winnen
1149 5012 1252 5091 schal,
1279 5011 1318 5072 de
1341 5007 1427 5072 schal
1449 5026 1549 5088 geren

78 5108 105 5166 ci
127 5125 191 5166 non
215 5106 342 5184 poterit,
375 5105 559 5187 expurgabit
580 5125 614 5163 se
631 5107 713 5183 jura
755 5122 883 5164 vnseme
911 5101 1013 5160 Hercu
1042 5097 1132 5159 Gode
1167 5115 1221 5156 ver
1253 5094 1336 5174 pund
1369 5108 1485 5150 wasser
1518 5094 1549 5148 to

78 5190 167 5251 ione.
213 5194 240 5262 5.
266 5191 314 5252 32.
337 5188 472 5263 Quilibet
489 5187 638 5268 profugus
660 5206 713 5265 pa·
756 5205 861 5246 oreme
888 5183 1004 5259 lecbte,
1038 5201 1078 5240 vu
1107 5184 1196 5239 eunte
1217 5176 1440 5256 Nycolawesse
1468 5179 1550 5249 twey

78 5274 130 5335 ebit
162 5272 193 5331 in
219 5271 313 5331 domo
342 5291 397 5332 sua
418 5272 468 5332 vel
490 5270 631 5347 alterius,
660 5269 712 5328 do·
755 5267 837 5348 pund
858 5285 990 5343 wasses,
1012 5283 1052 5323 vn
1075 5282 1110 5324 os
1128 5257 1380 5321 vorbenomadeu
1401 5255 1496 5315 heren
1518 5259 1550 5312 to
