3548 5826
155 275 218 343 404
792 269 964 344 Bromberg,
983 266 1125 326 Brachsal.

156 429 261 502 tia”)
284 431 314 491 in
343 429 426 489 dicto
457 427 573 509 oppido
596 428 760 489 existentia
788 446 857 487 cum
880 445 951 487 con·
996 425 1069 486 dicti
1092 422 1199 505 oppidi
1221 431 1253 484 et
1274 423 1448 486 hominibus
1469 426 1499 486 in
1512 426 1713 507 graniciebus
1743 456 1747 481 ι
1772 454 1774 475 τ

157 512 274 575 sulibus
309 512 472 573 conferant
503 518 629 592 propter
667 512 772 579 deum,
810 509 848 569 de
881 528 952 569 con·
996 507 1138 568 uentibus
1172 504 1211 566 ab
1234 507 1318 566 omui
1348 516 1380 568 ct
1400 509 1539 588 quolibet
1559 509 1774 589 impedimen

157 616 250 657 sensu
272 603 375 655 tamen
398 602 429 654 et
450 595 610 654 voluntate
634 593 767 672 plebani.
811 592 952 652 Ceterum
991 591 1109 672 judicio
1140 597 1171 649 et
1187 588 1408 669 jurisdiccione
1435 610 1467 651 re
1491 593 1522 652 ni
1549 595 1650 652 nost-ri

157 679 316 754 volumus,
339 678 422 756 quod
445 678 470 736 si
493 679 667 756 contigerit,
690 684 723 735 ut
744 695 799 755 per
821 675 954 754 aliquem
997 693 1122 748 norum,
1152 671 1407 752 castellanorum,
1430 677 1465 753 ju
1490 676 1586 752 cum,
1615 674 1774 735 officiali

157 760 369 841 querulautem
392 767 446 819 eut
464 759 704 839 respondentem
727 759 883 817 sententia
903 758 955 817 ali·
997 753 1204 835 quorumlibet
1224 763 1415 830 nostrorum,
1438 758 1497 837 sio,
1521 757 1605 836 quod
1623 776 1730 818 coram
1757 788 1770 809 a

158 863 220 924 qua
247 845 373 902 inventa
404 861 460 921 per
488 842 631 901 scabinos
663 849 857 921 argueretur,
893 860 955 899 non
998 846 1156 899 eteorum
1179 836 1277 897 altero
1300 857 1355 917 pro
1379 841 1479 899 causis
1503 840 1738 920 quibuscunque

160 927 236 986 alias
261 932 375 984 extunc
396 944 486 1004 quam
510 944 565 1004 per
586 924 730 984 consules
754 923 826 982 dicti
850 922 955 1002 oppidi
998 921 1123 981 offensis
1152 939 1206 980 seu
1229 919 1396 980 lesionibus
1425 930 1457 982 et
1479 924 1611 1003 injuriis,
1642 924 1772 1003 quaea-⁸

160 1011 230 1089 ipsa
251 1009 406 1067 sententia
435 1007 528 1067 debet
550 1006 716 1082 declarari,
744 1015 775 1065 et
797 1007 854 1064 nisi
876 1005 956 1064 sulli—
998 1005 1087 1063 nibus
1118 1003 1237 1083 maguis
1260 1010 1313 1062 aut
1334 1006 1452 1083 parvis,
1482 1007 1607 1065 minime
1629 1024 1774 1087 respon

160 1096 281 1167 cerent,
311 1097 384 1149 tunc
413 1089 450 1148 ad
475 1089 618 1149 consules
640 1087 953 1161 lllsdislarierses***)
999 1087 1087 1162 bunt,
1117 1086 1175 1144 nisi
1197 1103 1300 1145 coram
1330 1086 1418 1146 dictis
1446 1087 1607 1149 advocata
1635 1090 1707 1150 suis.
1734 1088 1760 1148 ιι

159 1191 216 1253 pro
238 1174 416 1233 sentenciae
438 1171 613 1250 hujusmodi
627 1172 836 1231 declaratione
858 1189 957 1229 recur-
1000 1171 1083 1229 nives
1105 1176 1135 1227 et
1149 1167 1291 1228 homines
1306 1168 1344 1227 ad
1362 1169 1509 1248 oppidum
1522 1170 1714 1251 praedictum
1738 1200 1768 1223 0-

160 1264 251 1318 retur.
298 1254 507 1333 Contingente
530 1262 650 1331 autem,
682 1253 765 1332 quod
799 1254 823 1311 si
854 1253 892 1311 de
911 1257 957 1330 ju·
1001 1253 1133 1312 tinentes
1164 1257 1197 1310 et
1221 1249 1366 1311 advocati
1393 1260 1446 1312 aut
1469 1272 1576 1314 eorum
1599 1273 1772 1315 successo

160 1338 241 1397 dicio
266 1337 338 1397 dicti
371 1336 475 1416 oppidi
498 1355 553 1415 per
575 1338 749 1416 quempiam
779 1335 816 1395 de
841 1335 957 1394 civibus
1001 1353 1105 1394 coram
1133 1332 1223 1393 nobis
1244 1332 1294 1392 vel
1317 1342 1425 1395 nostro
1448 1335 1568 1415 judicio
1591 1338 1679 1416 regio
1700 1355 1753 1396 ιιΙί

160 1419 198 1480 ad
217 1423 498 1497 castrumlnostrum
515 1418 729 1498 Bidgostiense
741 1418 958 1498 appellaretur,
1000 1418 1083 1497 prius
1106 1435 1161 1495 per
1183 1415 1302 1475 litera-m
1330 1424 1437 1478 nostro
1460 1418 1564 1499 sigillo
1587 1419 1685 1500 regali
1705 1438 1774 1489 ιι,

160 1522 255 1564 causa
269 1501 444 1583 hujusmodi
458 1501 679 1580 appellacionis
694 1521 749 1580 per
763 1500 957 1580 burgrabium
1001 1501 1095 1560 uitam
1118 1498 1157 1558 de
1177 1517 1213 1558 se
1234 1498 1481 1578 querulantibus,
1513 1520 1571 1563 suo
1594 1511 1698 1562 tamen
1728 1556 1729 1560 ,
1755 1540 1762 1552 .

161 1592 298 1646 nostrum
332 1588 403 1664 jure
435 1583 585 1646 theutonico
617 1583 829 1664 lleidclurgensi
866 1583 959 1644 debet
999 1582 1085 1645 lonico
1102 1585 1175 1661 jure
1195 1580 1417 1663 lisidclrnrgensi,
1438 1583 1630 1664 respondere
1651 1583 1772 1645 ιιιειι

162 1668 259 1729 audiri
282 1675 314 1728 et
335 1668 505 1742 terminari,
533 1666 587 1725 sed
616 1686 677 1726 non
702 1675 803 1725 minen
826 1665 956 1745 simplex
999 1673 1056 1725 tur.
1090 1665 1123 1724 In
1147 1665 1247 1724 causis
1269 1667 1604 1745 antemeriminalibua,
1626 1667 1773 1747 putatu

161 1750 322 1830 quercla.“
363 1749 450 1809 Nacb
478 1768 615 1828 genaucr
637 1749 767 1828 Angabe
796 1749 850 1808 der
871 1768 958 1829 „gra
999 1747 1171 1825 homicidii,
1205 1748 1422 1825 mutilationis,
1452 1747 1603 1827 incendii,
1633 1748 1770 1810 sacril‘

162 1834 259 1894 uicies
282 1839 314 1893 et
334 1839 436 1892 metae
459 1831 565 1910 oppidi
576 1831 812 1912 Konigesburg“
837 1832 957 1911 (wobei
1000 1830 1088 1890 dictis
1111 1830 1223 1889 nostris
1245 1829 1404 1890 advocatis
1427 1850 1496 1891 cum
1519 1832 1655 1893 scabinis
1676 1851 1729 1893 sen
1744 1853 1770 1912 J·

162 1915 213 1977 die
246 1914 406 1975 lormlicbe
438 1914 640 1994 Absteokung
672 1915 727 1974 der
760 1913 956 1974 Grenzlinieu
1000 1915 1072 1972 ratis
1102 1913 1250 1991 praetacti
1280 1914 1385 1992 oppidi
1407 1917 1505 1975 nostri
1523 1914 1699 1995 judicandi,

162 1996 550 2077 deangtenflberlassen
573 1998 629 2071 ist)
655 1997 780 2058 werden
803 1996 885 2056 daun
907 1996 957 2057 die
999 1994 1168 2073 teuciandi,
1201 1994 1429 2056 condemnandi
1459 2006 1491 2057 et
1517 1997 1665 2077 puniendi
1686 2016 1719 2057 sa
1743 2021 1774 2048 rt

160 2087 352 2162 gesammten
362 2078 956 2140 Grundbcsitz-VerbttltnisseundReal-
999 2078 1069 2137 dum
1079 2078 1270 2157 exigenciam
1286 2078 1464 2158 saepedicti
1476 2082 1557 2160 juris
1570 2079 1642 2144 null
1673 2107 1692 2136 *l

161 2162 374 2244 genechtsame
393 2162 567 2241 derVogtei
581 2163 706 2223 sowolrl
719 2164 779 2222 wie
793 2161 848 2222 der
857 2161 957 2222 Stadt-
999 2161 1121 2235 damus,
1143 2160 1329 2221 conferimus
1352 2169 1383 2222 et
1404 2163 1564 2223 tribuimus
1587 2163 1741 2225 omnimod
1768 2197 1770 2212 ι

160 2245 341 2325 gemeinde,
374 2254 463 2304 anter
498 2244 687 2305 besonderer
713 2244 957 2325 Hervorhebung
999 2251 1031 2303 et
1052 2244 1179 2304 totalem
1194 2243 1381 2321 facultatem,
1403 2246 1465 2306 hoc
1477 2254 1581 2306 autem
1604 2245 1735 2326 adjicien
1754 2270 1764 2296 ’-Δ

160 2328 216 2388 der
237 2326 550 2408 Mdblen-Anlegung,
574 2328 627 2387 des
650 2327 749 2389 Gold·
771 2327 831 2386 und
847 2327 956 2387 Silber-
999 2327 1081 2406 quod
1105 2326 1252 2405 praedicti
1275 2326 1418 2387 advocati
1440 2335 1494 2388 aut
1515 2348 1621 2390 eomm
1639 2349 1694 2388 su
1718 2354 1768 2381 νυ·

162 2409 354 2490 Bergbaues,
382 2410 437 2469 des
459 2410 653 2491 Holzbezugs
683 2410 744 2470 und
775 2411 829 2470 der
851 2409 956 2469 Schiff·
999 2429 1048 2470 res
1070 2409 1220 2484 libertate,
1243 2428 1335 2488 quam
1357 2411 1401 2470 eis
1424 2430 1493 2470 cum
1508 2417 1615 2472 nostro
1637 2411 1766 2491 praedi-¹

145 2493 241 2553 ⁴t'ahrt
260 2491 316 2551 aul
333 2492 388 2552 der
409 2492 502 2569 Drba,
525 2493 711 2553 ausssshrlich
734 2493 870 2573 regulirt,
894 2493 955 2552 und
999 2492 1114 2572 oppido
1138 2492 1346 2569 concedimus,
1370 2494 1494 2573 elapsa,
1518 2494 1608 2554 nobis
1632 2503 1664 2554 et
1683 2493 1770 2554 ιοι’

160 2575 211 2636 die
226 2575 413 2635 rechtlichen
431 2575 702 2656 Eutscheidungen
726 2577 756 2635 in
773 2575 869 2655 Weg-
894 2575 955 2634 und
999 2575 1228 2635 successoribus
1249 2576 1280 2634 in
1293 2575 1447 2654 quaslibet
1464 2577 1687 2656 expediciones
1702 2594 1774 2636 nmio

160 2656 547 2736 Waaser-Streitiglreiten,
576 2660 631 2718 mit
659 2658 838 2718 Auanahme
856 2661 955 2737 jener,
997 2657 1154 2717 hominem
1183 2657 1337 2738 galeatum
1370 2667 1401 2719 et
1423 2661 1515 2719 alium
1550 2661 1582 2720 in
1605 2660 1722 2720 levibus
1773 2688 1774 2692 ,

161 2740 281 2801 welche
293 2739 353 2800 den
371 2739 529 2800 Drballuss
547 2739 767 2801 betreffenund
781 2741 850 2801 dem
863 2741 956 2821 Burg-
1002 2741 1074 2815 mis,
1098 2743 1127 2800 in
1152 2741 1240 2801 bonis
1256 2740 1456 2820 spadonibus,
1478 2743 1605 2820 quando
1622 2749 1655 2804 et
1675 2741 1761 2822 quoti

161 2822 355 2904 graienamte
377 2823 580 2883 vorbelralten
602 2823 739 2898 bleibeu,
764 2824 833 2884 dem
846 2823 957 2904 Vogts-
1001 2843 1056 2902 per
1077 2842 1135 2882 nos
1157 2832 1210 2884 sut
1226 2832 1349 2884 nostros
1371 2826 1553 2904 capitaneos
1575 2825 1711 2906 requisiti
1746 2850 1768 2871 ι’·

161 2905 515 2987 gerichteaugewiesen.
538 2905 736 2966 Schliesslich
750 2905 862 2966 schafft
877 2906 957 2966 noch
1000 2907 1076 2985 rint,
1100 2908 1219 2966 mittere
1241 2914 1312 2966 sunt
1332 2908 1480 2967 astricti.“

161 2988 217 3049 der
238 2988 341 3069 Konig
363 2988 418 3047 das
441 2989 648 3067 poluische
669 2989 770 3048 Reobt
790 2988 887 3069 vollig
908 2988 957 3066 ab,
1083 2989 1169 3048 Nach
1199 2989 1267 3049 dem
1290 2989 1491 3050 'l'ranssumte
1513 2992 1544 3051 in
1567 2993 1668 3052 einem
1689 2991 1755 3050 Bw

162 3071 271 3132 baireit
292 3070 342 3131 die
364 3071 482 3151 Vogte,
505 3072 622 3150 Burger
643 3071 704 3130 und
728 3071 957 3150 sonatigenBe-
1001 3071 1221 3152 tigungsbriele
1251 3071 1403 3132 Casirnir's
1427 3073 1479 3133 lV.
1514 3074 1665 3154 gedruclrt
1696 3075 1724 3132 in

162 3154 292 3214 wohner
319 3153 374 3214 der
402 3153 491 3213 Stadt
521 3155 582 3213 und
609 3155 690 3214 ihtes
718 3153 865 3215 Gebietes
895 3173 956 3214 von
1000 3154 1761 3236 RzpsczemstiietA.Muczt‘oaslciiCoddipld'

157 3236 249 3317 jeder
270 3237 477 3316 auswttrtigcn
499 3237 713 3320 iurisdiction,
731 3242 805 3318 jane
828 3237 882 3297 der
903 3237 957 3298 ko·
1000 3238 1103 3297 loniae
1124 3237 1610 3312 Tom.ll(Varsav.1848-il2.
1632 3237 1774 3315 4⁰.)1’s1

125 3336 133 3357 ι
163 3318 318 3398 niglicben
339 3319 515 3379 Hoirichtcr
536 3339 796 3401 ausgenommen,
819 3327 957 3380 nament
999 3340 1028 3400 p.
1052 3322 1112 3384 694
1136 3340 1198 3400 sq,
1233 3321 1295 3380 und
1317 3320 1428 3381 daraus
1456 3324 1487 3382 in
1511 3323 1547 3383 Η.
1574 3325 1696 3383 Wuttlcii
1720 3326 1767 3371 t..

162 3400 223 3461 lich
250 3401 328 3461 auch
357 3403 387 3460 in
417 3400 498 3461 allen
530 3403 703 3481 peinlichcn
727 3402 861 3480 Sachen,
895 3402 956 3461 und
1000 3404 1070 3465 cim.
1092 3404 1128 3463 ll.
1151 3403 1265 3465 codicis
1288 3404 1446 3484 diplomat.
1471 3406 1591 3467 urbium
1613 3404 1714 3485 magni
1738 3428 1741 3452 ι

162 3483 289 3564 bedingt
312 3483 376 3544 sich
400 3485 445 3543 als
468 3484 713 3566 Gegenleistuug
734 3487 781 3545 fur
801 3485 886 3545 diese
901 3485 955 3544 Be·
999 3487 1315 3548 catusPosnaniensis
1335 3487 1679 3570 (Lips.1861.4⁰.)Nr.
1702 3492 1707 3538 ἱ
1727 3490 1733 3536 Γ
1762 3489 1767 3508 ’

161 3564 285 3647 gnadun
310 3586 348 3626 en
365 3567 419 3626 auf
433 3566 492 3626 deu
506 3568 573 3627 Fall
588 3570 672 3629 eines
691 3569 851 3648 ktlnftigen
863 3567 955 3628 Heer-
998 3589 1028 3649 p.
1050 3571 1163 3634 8211.

160 3668 255 3730 auges
284 3586 335 3709 die
363 3648 503 3729 Stellung
537 3651 737 3711 bewaffneter
762 3650 955 3711 Mennschait

162 3751 223 3792 von
237 3731 320 3792 Seite
342 3730 396 3791 der
412 3732 616 3814 StadtVogte
637 3754 692 3794 aus
715 3770 752 3779 -
782 3735 832 3812 „iu
855 3733 954 3794 dictos
1316 3720 1482 3787 Bruthtssl·
1673 3713 1766 3782 cxffl

160 3821 264 3875 autem
287 3813 456 3875 advocatos
479 3823 629 3876 eteorum
645 3818 810 3897 progenies
832 3835 869 3876 ac
891 3836 954 3876 om·
1346 3837 1450 3890 (aaran.)

161 3915 216 3956 ¹¹⁰⁸
230 3896 302 3993 ‘¹5⁰5
319 3897 424 3976 ‘'ppidi
435 3900 528 3992 Μ’
548 3901 792 3995 Plpmutsspwm
807 3898 953 3995 ‘'llpldum
1080 3946 1169 4004 Mona
1212 3944 1273 4002 Zur
1289 3943 1476 4005 Geschichte
1488 3964 1549 4008 von
1562 3941 1705 4006 Brucbsal
1716 3959 1768 4001 vos·

161 3988 209 4040 est
230 3997 466 4058 circumquaque
492 3980 637 4041 limitibus
667 4002 733 4041 sive
761 3981 954 4062 grarncrebus
999 4028 1045 4090 13·
1071 4026 1116 4086 b„
1142 3990 1372 4090 15.’lahrh.“in
1396 4026 1614 4091 deffimhhp
1631 4025 1660 4087 d⁸
1677 4022 1767 4086 emh

161 4063 187 4121 si
211 4071 314 4122 natum
343 4070 376 4122 et
395 4061 571 4121 distinctum
674 4067 700 4123 c'
725 4084 752 4123 m
831 4066 892 4123 iam
933 4065 954 4123 f·
1215 4111 1221 4122 .

160 4082 955 4310 ftisr:ssrrrtlllbltm
997 4108 1260 4338 {tq‘gtqul‘l
1282 4108 1417 4253 llll
1442 4109 1615 4254 <sitiit
1635 4108 1766 4272 ital

1022 4280 1050 4334 ‚⁴
1148 4294 1179 4354 g.

160 4310 222 4368 rias
251 4329 305 4369 seu
328 4309 557 4389 qualescunque
584 4313 823 4373 consuetudines
845 4313 954 4392 polo·
1080 4360 1176 4435 1056,
1209 4356 1269 4416 Ma,
1299 4361 1327 4421 6·
1392 4356 1504 4417 Kaine,
1534 4357 1716 4420 Heinrich
1745 4358 1760 4408 „

161 4392 324 4470 nicales,
358 4391 590 4472 quibuscunque
619 4397 795 4491 ¹vocitentur
825 4395 954 4489 nomini·
998 4439 1129 4499 θώρηκι
1169 4438 1209 4498 ad
1237 4439 1334 4500 alme
1377 4441 1512 4500 enitricis
1536 4441 1595 4501 De,
1661 4438 1721 4501 uod
1760 4463 1768 4486 Α

161 4472 234 4549 bus,
257 4482 453 4535 removentes
475 4494 647 4556 peromma
668 4484 699 4537 et
719 4497 749 4537 m
773 4484 870 4538 totum
893 4496 954 4537 exr—
997 4520 1086 4601 spire
1109 4568 1116 4581 .
1139 4485 1207 4582 ᾖ..
1236 4460 1390 4600 quandagm
1421 4542 1476 4584 sue
1503 4459 1698 4604 propri‘egfis
1731 4546 1760 4573 „n

162 4557 281 4618 mimus.
323 4556 487 4617 Praeterea
514 4560 676 4619 eximimus
708 4568 739 4621 et
759 4562 881 4641 penitus
904 4559 954 4620 ab·

161 4638 309 4699 solvimus
326 4640 515 4719 praelibatos
533 4641 705 4704 advocatos
722 4652 872 4705 eteorum
889 4661 954 4703 suc

160 4738 302 4783 sessores
314 4740 382 4782 oum
397 4723 538 4784 omnibus
550 4732 581 4784 et
597 4725 725 4807 singuiis
738 4728 853 4788 civibus
867 4745 954 4806 prae·

996 4604 1278 4681 temssruose1101)
1304 4605 1417 4666 dictam
1436 4625 1504 4665 cum
1520 4606 1638 4669 foresto
1659 4603 1699 4667 ad
1726 4640 1738 4657 «
1760 4631 1762 4652 ⁴

996 4685 1068 4757 dem
1089 4696 1205 4748 curtem
1229 4689 1404 4767 pertinente
1416 4688 1548 4751 Luzhart
1569 4691 1736 4767 nominato,
1755 4686 1771 4732 ἰ

996 4789 1078 4912 pvago
1102 4770 1255 4866 Oragovse
1282 4770 1491 4873 [liraicbgau]
1522 4779 1554 4833 et
1587 4773 1619 4832 in
1645 4772 1725 4834 comi
1742 4815 1743 4818 ,
1760 4794 1770 4811 ἰ

196 4896 247 4960 ι.)
268 4895 506 4949 mmmmm
1039 4854 1191 4914 ollrammr
1203 4854 1323 4952 sitam‘,
1346 4861 1458 4915 sammt
1478 4855 1555 4916 aller
1564 4854 1709 4917 Zubehor
1726 4871 1771 4913 nn

197 4967 264 5034 m)
287 4968 376 5021 Ucber
407 4967 627 5035 bingen-Leslau
665 4968 877 5034 (loowraalaw)
913 4969 954 5022 als
996 4934 1149 5016 Nutzung·
1192 4937 1341 5016 Remlmp,
1375 4937 1488 4999 UB¹¹⁰h
1521 4959 1575 4999 Μ
1596 4937 1706 4999 993011·
1731 4934 1774 4994 d*

160 5038 864 5108 OberhofderbandscuaoenKujavten'sseitdem
876 5041 953 5093 Ende
996 5019 1139 5080 Biflchfffe
1170 5039 1207 5080 ΖΠ
1230 5019 1348 5100 spelei
1369 5020 1424 5084 Bd·
1447 5021 1460 5082 ¹
1482 5022 1651 5103 (austere
1673 5020 1766 5083 Ufm

160 5110 209 5164 uss
229 5110 299 5162 ιιι.
318 5110 407 5162 roua.
430 5112 476 5180 ις]
497 5113 529 5164 ι.
545 5116 646 5177 sopor,
665 5111 754 5164 Uener
774 5112 954 5166 disverbrei-
996 5098 1095 5184 der‘)
1120 5102 1171 5162 Νι.
1185 5104 1224 5166 43
1248 5102 1278 5163 S.
1297 5106 1354 5180 44,
1376 5105 1426 5168 45.

159 5198 217 5250 ung
237 5183 285 5234 des
299 5183 503 5252 llagdeburger
523 5183 694 5236 Stadtrechts
715 5187 753 5236 im
768 5183 882 5236 Gebiete
903 5186 952 5237 des
994 5207 1240 5214 ·-···----

160 5254 227 5306 tlten
261 5253 425 5306 Polniscben
447 5255 546 5306 ltcichs
576 5259 705 5308 ostwttrts
735 5255 785 5309 der
815 5256 952 5309 Weiclrscl
1067 5258 1097 5318 1)
1120 5256 1209 5310 Ucber
1228 5256 1399 5310 deullamen
1419 5257 1484 5311 ar.
1502 5258 1634 5315 arms
1655 5257 1772 5316 Celtiscle

159 5323 263 5378 altresi
283 5326 360 5382 1857.
379 5327 420 5383 8⁰.
426 5332 437 5392 l
458 5327 485 5380 S.
499 5325 561 5382 292.
994 5328 1192 5398 Forsohungen
1213 5329 1312 5396 (1857)
1333 5331 1361 5382 S.
1380 5330 1424 5386 oo.
