3548 5826
730 306 830 361 lidron.
1533 298 1597 367 441
1626 351 1638 371 .

78 458 149 520 ede
172 457 295 538 dicitur,
322 457 530 538 principaliter
557 458 641 520 solus
664 457 762 537 tollet,
804 459 952 520 memoris
964 459 1038 538 ipsis
1059 460 1110 538 pie
1127 457 1328 538 indulserunt,
1347 459 1599 540 recognoscimus

78 550 177 603 tntum
201 561 278 603 unus
300 542 348 620 sit,
372 543 460 621 (qui)
478 540 624 602 indivisus
647 543 761 622 inpos
805 550 836 603 et
857 551 923 602 rata
942 549 1091 603 tenemus.
1123 541 1205 602 Inter
1227 561 1286 621 que
1307 543 1437 621 primum
1460 549 1507 602 est
1528 541 1598 603 hoo.

78 644 104 687 re
128 625 282 686 bonorum
303 625 397 705 patris
419 626 563 684 inventus
584 626 688 703 fuerit,
709 624 761 686 he·
806 632 833 699 §.
858 629 884 688 1.
908 624 939 686 si
962 626 1028 704 quis
1051 644 1155 685 errans
1177 627 1207 684 iu
1230 623 1291 686 tide
1311 631 1419 704 utpote
1436 624 1598 700 hereticus,

78 728 126 770 ern
146 707 316 788 predictam
340 707 420 768 idem
443 706 565 784 tollet“,
587 710 684 769 sorvis
706 709 761 769 fer·
804 708 853 769 vel
876 709 943 788 quis
971 728 1066 788 agens
1099 708 1138 768 de
1168 707 1332 769 traditione
1348 705 1390 786 Ι4)
1416 715 1521 768 nostra
1549 706 1598 767 vel

97 790 186 869 „tilia
199 794 297 870 major
308 799 399 869 etate,
413 810 473 870 que
488 790 620 852 indivisa
641 791 761 852 abonis
804 792 975 852 concivium
1004 811 1126 859 suorum
1156 791 1207 851 vel
1229 792 1360 851 civitatis
1389 790 1598 871 deprehensus

78 877 99 935 'a
128 875 160 934 in
183 876 381 954 possessione
413 873 564 935 bonorum
599 875 760 955 patrissui
804 876 894 936 fuerit
925 881 956 934 et
988 876 1164 952 convictus,
1187 873 1390 954 judicabitur,
1424 873 1474 934 vel
1505 874 1598 933 etiam

78 956 174 1018 bitum
196 958 300 1018 matris
323 958 449 1018 inventa
462 957 568 1037 luerit,
589 957 761 1018 radewa·
804 956 866 1041 (si)
881 964 964 1019 metu
975 959 1036 1017 vite
1053 957 1155 1038 fugam
1177 959 1287 1037 inierit,
1308 964 1419 1018 cuncta
1437 956 1521 1018 bona
1542 973 1600 1019 sua

78 1059 107 1101 re
130 1041 235 1101 matris
251 1048 426 1120 premortue
438 1042 580 1120 potietur,
602 1049 632 1100 et
654 1041 679 1099 si
701 1060 762 1100 una
803 1050 834 1102 et
853 1061 902 1100 res
924 1060 979 1101 sue
1002 1039 1114 1100 cedent
1130 1040 1237 1121 judici.
1282 1047 1309 1114 ς.
1328 1042 1357 1104 2.
1379 1040 1455 1101 Item
1478 1041 1505 1099 si
1526 1056 1598 1100 noc-

78 1124 209 1201 rtiterit,
231 1122 339 1183 eadem
357 1123 531 1203 hujusmodi
552 1123 761 1204 radewagium
803 1133 891 1184 turns
912 1122 988 1184 fiunt
1009 1123 1134 1203 insidie,
1163 1124 1212 1184 vel
1236 1123 1346 1202 aliquis
1369 1142 1461 1183 manu
1482 1129 1600 1182 armata

78 1205 171 1267 ›lletf‘
219 1205 267 1284 [In
291 1205 485 1267 lateinischer
511 1206 572 1267 und
594 1206 761 1287 abgekthu-
802 1209 833 1267 in
868 1208 991 1287 propria
1024 1206 1117 1267 domu
1151 1208 1320 1267 investatus
1353 1206 1598 1286 proclamaverit,

78 1289 198 1350 utscher
208 1289 348 1370 Fassuug
369 1289 424 1350 der
434 1289 531 1370 Copie
553 1290 607 1349 des
629 1290 760 1351 tltesteu
800 1289 913 1370 Judicis
933 1298 981 1350 est
997 1289 1146 1369 judicare.
1186 1296 1213 1363 ς.
1235 1294 1263 1354 3.
1285 1290 1359 1350 Item
1381 1291 1407 1349 si
1430 1290 1504 1350 civis
1528 1308 1599 1349 con·

78 1393 96 1432 r
116 1371 324 1449 Stadtrechts,
346 1393 369 1434 s.
394 1393 437 1433 nr.
452 1376 480 1451 9,
503 1372 681 1454 angehtngt
702 1372 764 1432 uud
805 1375 904 1434 civem
926 1372 1097 1434 edificando
1120 1372 1169 1433 vel
1190 1371 1337 1453 sepiendo
1357 1371 1531 1450 turbaven't,
1558 1373 1599 1431 vi·

78 1479 84 1515 ι
117 1455 303 1536 mitgetheilt
330 1456 405 1535 von]
434 1458 594 1532 Spcnclren
624 1476 690 1515 aa
726 1453 761 1518 Ο.
806 1458 880 1534 cini,
902 1458 927 1516 si
950 1457 1084 1536 possint,
1107 1463 1313 1537 componant,
1336 1457 1361 1516 si
1383 1475 1461 1533 non,
1491 1474 1599 1517 consu·

79 1537 185 1615 sss,
206 1540 262 1616 34,
284 1537 337 1609 Nr.
355 1540 373 1602 2
396 1537 424 1600 S.
441 1541 491 1603 39.
806 1539 884 1600 libus
911 1539 1057 1600 reseratur
1086 1538 1334 1620 conponendum.
1376 1538 1417 1600 Et
1443 1539 1469 1598 si
1489 1538 1599 1618 aliquis

78 1623 141 1685 m
195 1621 402 1699 Berthold‚
436 1620 531 1682 Herr
562 1642 605 1682 zu
639 1621 762 1682 Bdren
806 1642 999 1683 communem
1022 1629 1147 1683 stratam
1164 1621 1337 1683 edificando
1360 1621 1535 1698 turbaverit
1551 1625 1600 1700 ju·

78 1705 193 1767 titter
230 1704 431 1765 Friedrich
472 1725 543 1765 vou
581 1704 762 1764 Breuken
806 1706 881 1766 dicis
905 1705 1224 1767 estcumconsulibus
1241 1705 1390 1786 judicare.
1423 1711 1450 1778 s.
1472 1705 1501 1767 4.
1523 1704 1600 1765 Item

78 1808 109 1848 ιιι
130 1787 185 1847 der
197 1787 286 1868 Stayt
307 1787 360 1848 tho
374 1787 473 1848 Bdren
496 1809 536 1848 vn
558 1788 617 1848 den
631 1787 763 1868 borgem
806 1790 905 1850 omnis
937 1787 1044 1850 effusio
1074 1789 1231 1869 sanguinis
1258 1789 1339 1849 facta
1365 1789 1439 1854 siue¹
1459 1789 1600 1848 acumine

78 1890 118 1931 en
140 1870 193 1931 dat
213 1871 300 1931 recht
320 1891 360 1930 vu
383 1870 421 1931 de
437 1871 579 1952 gheuade
600 1871 680 1947 alac,
702 1891 762 1931 we·
805 1891 957 1933 armorum
970 1871 1036 1952 ¹⁵),
1058 1891 1150 1952 quam
1172 1891 1234 1932 nou
1252 1873 1388 1951 sequitur
1408 1871 1485 1932 lesio
1507 1890 1600 1932 mem·

78 1962 213 2015 tvuser
225 1953 377 2034 borghere
391 1953 464 2014 eder
476 1974 567 2015 vuser
580 1953 763 2034 borgischeu
805 1955 866 2034 bri,
888 1955 1049 2016 consulum
1072 1963 1121 2015 est
1136 1954 1293 2035 judicare,
1315 1956 1341 2015 si
1362 1955 1499 2034 sequitur
1520 1953 1599 2014 lesio

78 2036 109 2097 dr
125 2035 281 2117 affghinge
297 2056 356 2097 vau
379 2036 477 2098 dodes
494 2037 635 2118 weghen,
657 2056 692 2096 so
715 2037 762 2097 sol
807 2037 949 2116 membri,
971 2038 1069 2118 judex
1086 2037 1246 2118 judicabit.
1290 2044 1317 2111 5.
1340 2042 1369 2102 5.
1391 2037 1467 2098 Item
1500 2038 1526 2096 si
1547 2036 1600 2096 ali·

78 2119 202 2202 gheven·
223 2119 303 2180 vnde
336 2139 447 2180 nemen
475 2121 653 2182 hervrede
683 2119 764 2180 vnde
807 2123 873 2202 quis
895 2121 1053 2201 pistraudo
1082 2120 1131 2182 vel
1152 2121 1235 2200 eliis,
1268 2140 1328 2201 que
1348 2120 1389 2181 ad
1414 2139 1516 2181 escam
1549 2119 1600 2180 vel

78 2201 139 2264 ιιι
160 2204 190 2263 ιι
214 2202 276 2264 alle
297 2203 352 2263 der
376 2223 478 2283 wyse,
511 2204 576 2264 else
599 2223 668 2263 men
691 2203 764 2283 ghe
807 2211 914 2286 potum
928 2206 1091 2286 pertinent,
1113 2205 1298 2282 excesserit,
1321 2203 1465 2265 consules
1482 2202 1600 2284 judica·

79 2307 102 2346 n
124 2285 270 2347 herwede
300 2285 344 2349 ibo
373 2285 421 2350 der
440 2285 519 2370 lippe
549 2287 662 2367 ghevet
683 2285 765 2346 vnde
806 2287 891 2350 bunt.
936 2295 963 2362 ς.
986 2291 1014 2353 6.
1043 2287 1118 2348 Item
1142 2288 1217 2347 civis
1239 2288 1398 2348 concivem
1422 2294 1509 2347 extra
1529 2287 1600 2346 civi·

94 2366 157 2452 [nr.
178 2371 228 2448 ll,
249 2369 279 2429 al
300 2389 393 2430 vnses
411 2370 523 2431 rechtis
545 2390 583 2430 vu
607 2389 699 2430 vnser
721 2389 765 2430 er·
806 2378 900 2432 tatem
933 2372 964 2431 in
986 2390 1110 2431 causam
1137 2389 1201 2431 non
1229 2370 1344 2448 trahet,
1377 2371 1435 2429 nisi
1451 2373 1521 2449 jure
1543 2367 1599 2429 sibi

78 2472 144 2513 tran
166 2452 196 2512 ai
219 2453 453 2534 vnvorgheven,
483 2461 546 2513 wat
567 2473 624 2513 vus
647 2453 702 2513 dar
724 2451 769 2513 aff
805 2456 889 2534 prius
911 2453 1081 2535 denegato,
1104 2473 1163 2514 nec
1185 2454 1259 2514 aivis
1280 2455 1313 2514 in
1333 2454 1494 2515 concivem
1516 2470 1601 2513 arma

78 2538 122 2613 le,
149 2535 219 2596 alac
247 2536 313 2596 alze
335 2557 386 2616 vvy
410 2535 463 2596 dat
481 2556 537 2597 vor
557 2535 672 2617 ghehat
693 2535 764 2596 heb·
806 2536 1016 2618 proclamabit
1061 2544 1089 2611 s.
1118 2541 1146 2601 7.
1181 2537 1257 2598 Item
1286 2537 1311 2596 si
1339 2536 1413 2596 civis
1442 2536 1601 2596 concivem

89 2621 253 2694 Spancken
275 2638 303 2678 a.
324 2639 353 2680 a.
376 2616 412 2680 Ο.
434 2619 486 2680 Nr.
509 2622 527 2683 9
550 2619 580 2680 S.
602 2619 658 2696 47,
679 2620 730 2684 48.
808 2620 954 2681 occiderit
983 2628 1014 2681 et
1040 2621 1144 2701 lugam
1166 2621 1283 2698 inierit,
1312 2619 1362 2679 vel
1393 2618 1602 2699 deprehensus

78 2701 155 2762 ‚die
178 2701 390 2782 Schlussjahre
419 2701 474 2762 des
496 2701 577 2763 XIII.
607 2702 683 2763 oder
704 2701 763 2762 deu
806 2705 913 2781 fuerit,
930 2703 1104 2784 judicatur,
1126 2703 1287 2764 sidomum
1311 2702 1361 2763 vel
1381 2722 1430 2762 res
1452 2703 1529 2763 alias
1551 2702 1601 2762 he

78 2807 89 2866 ς
123 2784 178 2846 des
206 2785 287 2847 XIV.
309 2784 425 2862 lhdts.,
447 2784 612 2866 Jedenfalls
640 2788 671 2844 in
703 2784 763 2845 dou
807 2786 874 2864 bet,
896 2805 959 2847 non
976 2786 1167 2867 judicantur,
1190 2786 1243 2847 sed
1267 2787 1328 2846 suis
1351 2785 1464 2846 cedent
1483 2785 1601 2846 heredi-

78 2888 120 2929 (ιιι
155 2887 216 2928 von
242 2870 472 2944 1295-13‘20,
505 2868 573 2929 fallt
604 2870 673 2929 eine
700 2867 764 2928 olil-
806 2870 872 2931 bus.
917 2876 945 2943 s.
967 2875 995 2934 8.
1017 2869 1093 2930 Item
1114 2871 1139 2928 si
1154 2871 1221 2949 quis
1243 2889 1277 2930 sc
1291 2871 1390 2950 ipsum
1406 2866 1601 2946 interfecerit,

104 2972 167 3012 von
196 2951 252 3011 der
273 2950 529 3012 Stadtherrschalt
558 2951 764 3034 genehmigte‚
805 2953 889 3014 boue
909 2972 965 3012 sua
997 2952 1109 3013 cedent
1126 2952 1231 3033 judici.
1277 2957 1304 3025 s.
1327 2955 1356 3017 9.
1386 2952 1463 3013 Item
1490 2953 1523 3013 in
1551 2951 1601 3012 die

78 3034 129 3097 sch
150 3032 372 3115 geschrIebene
396 3041 531 3115 (sptter,
555 3043 636 3096 etwa
657 3036 688 3095 iu
711 3034 765 3096 der
801 3035 925 3116 jacobi,
949 3055 1040 3116 quum
1056 3035 1102 3110 ¹⁶)
1125 3036 1259 3096 annuale
1279 3035 1379 3096 lorum
1404 3040 1461 3113 est,
1480 3032 1601 3097 duobm

78 3138 98 3179 n
122 3117 224 3178 fiune
245 3117 301 3178 des
321 3118 402 3178 XIV.
423 3117 538 3195 Jhdts.,
567 3138 657 3179 wenn
681 3117 765 3178 nicht
806 3118 913 3181 diebus
935 3125 1007 3180 aute
1030 3127 1062 3178 et
1083 3118 1203 3179 duobus
1224 3127 1306 3199 post,
1331 3116 1397 3200 (etl
1422 3120 1453 3178 in
1476 3116 1527 3179 dic
1549 3138 1600 3179 an·

78 3200 287 3281 uiolgendeu,
301 3200 380 3260 arrch
402 3202 431 3260 iu
443 3200 498 3261 das
511 3201 666 3262 Deutsche
678 3200 764 3262 dher·
806 3202 894 3278 dree,
922 3222 983 3262 uno
1012 3200 1062 3261 die
1084 3209 1156 3262 aute
1178 3208 1210 3262 et
1233 3220 1293 3262 uno
1317 3208 1403 3281 post,
1432 3201 1533 3261 nullus
1551 3204 1602 3281 ju·

78 3284 113 3363 e)
154 3283 452 3364 Ausaeichnung
492 3284 558 3344 des
599 3283 764 3344 burener
806 3286 887 3346 dicio
917 3284 1130 3365 adstringitur,
1163 3286 1219 3345 nisi
1248 3285 1279 3344 in
1309 3287 1443 3365 presenti
1471 3284 1602 3346 excedat

82 3367 234 3445 rechts,
258 3387 295 3426 zu
318 3367 417 3426 eiuem
439 3365 546 3428 Theile
568 3367 652 3427 wohl
675 3368 765 3427 meist
807 3369 856 3428 vel
878 3369 1097 3428 exterminatus
1119 3367 1373 3448 deprehendatur.
1403 3372 1431 3440 s.
1458 3374 1503 3433 to.
1525 3367 1600 3428 Item

78 3449 299 3511 einheImische
313 3449 558 3510 Gewohnheiten
582 3449 643 3510 und
655 3449 763 3511 Baths·
807 3451 1050 3531 solempnitates,
1063 3458 1096 3510 ut
1106 3470 1210 3530 pasca,
1229 3452 1371 3510 nativitas
1384 3449 1510 3526 domiui,
1527 3470 1600 3530 pen·

78 3580 87 3611 ,
110 3553 179 3593 aum
199 3533 333 3592 anderen
351 3532 425 3593 aber
447 3553 503 3594 atus
525 3532 595 3594 dem
609 3533 766 3617 lippslildler
807 3535 955 3605 tekostes,
976 3534 1157 3594 festivitates
1171 3533 1294 3594 domiue
1317 3541 1438 3608 nostre,
1460 3533 1525 3594 dies
1547 3533 1599 3594 do·

78 3636 136 3675 ev.
152 3619 241 3687 1240,
260 3615 374 3692 jedoch
398 3617 452 3675 mit
473 3617 679 3695 erheblichen,
702 3616 764 3676 uud
807 3619 908 3677 minici
942 3617 1007 3696 (et)
1043 3616 1270 3697 apostolorum,
1305 3624 1393 3676 sexte
1425 3616 1500 3677 ferie
1529 3622 1601 3696 pec

78 3698 158 3760 nicht
180 3698 250 3759 hlos
273 3699 482 3778 sprechlicheu
504 3700 765 3777 Moditicationeu,
808 3699 995 3777 nonan1¹¹),
1018 3699 1146 3762 sabbata
1167 3699 1322 3780 ajudicio
1344 3698 1459 3760 habent
1480 3699 1599 3760 libertu-

78 3800 303 3863 rgencmmeue
318 3781 493 3863 Sat-aurrgen
517 3783 703 3864 hcgreifend.
729 3783 763 3843 ln
807 3791 878 3844 tem.
923 3790 949 3857 s.
975 3787 1021 3846 tl.
1049 3783 1126 3843 Item
1148 3783 1173 3842 si
1195 3783 1316 3842 concivi
1338 3784 1499 3862 quicquam
1522 3783 1599 3843 fura·

78 3886 89 3928 ι
124 3865 292 3945 Xategorie
323 3866 457 3944 gehdren
495 3867 680 3926 narnentlich
715 3866 764 3925 die
808 3875 869 3926 tum
891 3866 996 3945 luerit,
1018 3865 1134 3926 civibus
1157 3867 1218 3926 suis
1236 3861 1430 3946 significabit,
1454 3873 1485 3926 et
1507 3867 1533 3926 si
1556 3867 1598 3925 in-

78 3948 134 4025 (1.
155 3952 229 4024 to),
253 3951 343 4011 4-7
369 3948 419 4024 (L.
445 3951 571 4026 1-4),
594 3954 612 4012 9
639 3956 648 4018 l
656 3950 688 4010 L.
712 3954 762 4026 h),
806 3950 852 4010 fra
873 3950 1027 4010 civitatem
1050 3950 1217 4026 invenitur,
1241 3949 1409 4009 secuudum
1427 3952 1478 4029 jus
1499 3950 1598 4028 requi·

90 4030 145 4114 (L.
159 4035 189 4100 6,
213 4036 263 4108 i),
290 4033 408 4095 ist-16
428 4031 479 4098 tL.
498 4037 527 4094 ll
554 4036 762 4108 -14),‘23,·.’o
806 4034 884 4093 renti
906 4032 1064 4109 reddetur,
1093 4038 1124 4092 et
1139 4031 1253 4111 judicis
1281 4032 1366 4092 nulla
1387 4051 1457 4112 pars
1479 4040 1541 4109 est,
1573 4034 1598 4091 si

82 4122 110 4191 ).
156 4114 218 4174 Der
230 4113 475 4195 hunt-gemischte
491 4115 590 4176 luhalt
614 4117 668 4176 der
688 4116 762 4175 lrlei-
805 4115 916 4176 furtum
934 4117 964 4175 in
978 4118 1133 4176 civitatem
1146 4115 1281 4176 delatum
1304 4115 1402 4193 fuerit,
1424 4115 1484 4176 due
1496 4122 1598 4195 partes

78 4196 344 4276 eehtssammlung
376 4195 494 4258 hezieht
528 4199 591 4258 sich
620 4198 762 4280 dhrigens
804 4200 967 4278 requirenti
980 4198 1141 4276 dabuntur,
1163 4199 1257 4259 tercie
1263 4199 1370 4279 judici.
1400 4205 1427 4272 §.
1454 4202 1500 4261 12.
1521 4198 1598 4259 Item

78 4282 85 4342 l
121 4281 177 4340 aui
206 4281 255 4340 die
290 4280 482 4360 wichtigsten
515 4282 760 4361 gemeindlichen
804 4283 829 4341 si
851 4283 918 4361 quis
952 4283 983 4342 in
1005 4282 1128 4341 civitate
1159 4301 1242 4341 anno
1274 4289 1304 4342 et
1326 4282 1375 4341 die
1404 4283 1471 4341 sinc
1498 4281 1598 4360 objec-

78 4366 177 4425 tnisse
199 4363 261 4423 und
284 4363 494 4443 borgerliclun
512 4365 694 4441 Freiheiten,
716 4365 761 4424 uls
804 4367 887 4425 tione
902 4365 945 4442 ¹⁸)
976 4364 1106 4443 resedit,
1141 4372 1251 4443 postea
1282 4365 1321 4424 ab
1350 4364 1534 4444 impulsante
1565 4383 1598 4424 se

78 4447 134 4507 ιιι·
156 4447 296 4506 einzelue
327 4446 545 4526 llanptpuuktc
579 4448 633 4509 des
661 4448 762 4526 Strui,
804 4447 911 4507 melius
941 4455 1042 4527 potest
1070 4466 1234 4523 excusare,
1270 4467 1360 4526 quam
1382 4446 1526 4507 confundi
1543 4446 1598 4511 Ιἰ.

78 4567 82 4577 ·
107 4530 170 4590 und
193 4529 437 4591 Processrechts.
480 4530 537 4589 Die
560 4533 761 4592 iuteressaute
804 4533 830 4607 ξ.
857 4535 903 4594 13.
927 4531 1001 4590 Item
1024 4532 1048 4588 si
1071 4531 1138 4608 quis
1162 4531 1298 4589 concivis
1316 4532 1443 4590 moritur
1463 4539 1495 4591 et
1516 4537 1598 4590 caret

78 4611 221 4674 urlsuude
243 4612 352 4672 lautet:

78 4697 147 4758 ium
173 4716 222 4755 res
253 4704 340 4775 gesta
371 4694 532 4755 mandatur
557 4696 665 4774 literis,
697 4698 762 4758 uni·
807 4705 812 4707 ’
843 4704 845 4707 ’
940 4703 962 4709 ”
983 4704 996 4708 “
1021 4704 1040 4708 ’
1138 4703 1150 4707 “

80 4779 114 4863 ²)
141 4780 316 4859 prevenitur
342 4787 374 4839 et
394 4778 456 4838 litis
484 4781 607 4841 occasio
630 4780 763 4841 aufertur
859 4812 907 4867 14,
929 4815 959 4863 A,
983 4814 1023 4863 pe,
1046 4808 1212 4871 maheng,
1231 4811 1259 4860 ,n
1279 4808 1423 4862 ,mdes

78 4864 148 4924 ’θή-
179 4861 285 4923 selani
306 4880 380 4943 0¹3⁰
402 4871 563 4941 presentes
586 4871 616 4923 θῐ
637 4866 762 4943 Ρθιῑθῐὶι
861 4885 906 4939 lbi
928 4887 961 4936 A.
980 4886 1020 4935 ue.
1044 4881 1166 4947 „sunder
1184 4880 1368 4948 scherpinghe
1388 4880 1436 4933 der
1457 4884 1598 4950 wapene‘2.

78 4966 129 5008 ros
152 4944 314 5005 Bertoldus
343 4952 374 5005 et
393 4944 570 5023 Bertoldus,
599 4946 762 5026 patrueles,
861 4957 907 5012 llil
930 4954 1001 5008 Statt
1019 4953 1067 5005 des
1087 4953 1212 5005 offenbar
1229 4952 1352 5005 fstschen
1373 4955 1474 5021 ,.qnin“
1493 4957 1530 5006 im
1545 4956 1599 5008 Ab·

110 5031 143 5089 in
165 5027 277 5104 buren,
310 5030 384 5089 moti
411 5029 516 5088 favore
545 5037 576 5088 et
598 5029 763 5090 dilectione
805 5026 915 5077 druckc.

78 5132 135 5172 um
168 5120 273 5171 „031343
300 5112 444 5190 civitam,
478 5115 550 5193 jum
578 5112 762 5192 hujugmdi’
822 5099 905 5220 dem
925 5097 981 5148 Der
1000 5096 1110 5163 Freitag
1129 5095 1199 5147 nach
1219 5092 1321 5147 Christi
1341 5093 1599 5167 Himmelsahrtstag

96 5199 171 5277 jum
187 5194 352 5278 mutiam,
371 5213 430 5273 (lue
444 5203 546 5274 patres
561 5197 656 5256 nostri
672 5195 762 5256 beate
807 5169 818 5236 (
858 5165 1430 5370 {gghfillffiin„ggdgggcffizgfffflgfssgss
1489 5309 1530 5361 d·
1568 5310 1598 5365 ht

277 5333 342 5338 ’”
950 5325 1129 5378 .e.„an
1178 5326 1195 5361 a
1253 5325 1268 5362 e
1317 5324 1393 5361 ara
1438 5323 1567 5362 vorrrnc

88 5384 251 5439 Vietlctabt:
271 5384 479 5438 wutrovsrsta?
804 5382 924 5437 werde.“
