3548 5826
127 2835 142 2894 1

118 4234 139 4296 2

186 290 252 358 244
928 299 1095 354 aaronem.

186 455 219 506 et
238 454 343 526 potest
350 447 501 526 judicare,
524 440 652 526 quilibet
675 448 922 528 oppidanorum.
941 499 946 513 .
972 496 979 510 .
1022 451 1124 511 lacere
1140 449 1319 530 denegaret,
1340 451 1367 510 is
1380 452 1515 531 permitti
1528 470 1592 513 non
1608 451 1660 513 dal

186 547 290 589 coram
312 531 380 608 ipso
394 529 547 590 sohulteto
564 537 596 589 et
617 549 679 590 non
696 529 768 590 alibi
789 530 829 591 de
850 551 907 592 suo
930 551 979 591 co·
1021 533 1119 613 plius,
1153 540 1186 592 ιιι
1207 552 1263 592 sua
1290 533 1372 593 bona
1398 531 1438 593 de
1466 534 1550 594 dioto
1580 534 1659 614 opid·

186 611 343 691 oppidano
366 611 580 673 debellatore
601 613 843 691 quaerimoniam
865 621 897 674 et
917 633 979 673 mo·
1022 621 1075 675 aut
1097 634 1183 674 suam
1199 634 1355 675 annonam
1377 615 1417 675 ad
1432 617 1532 694 ipsum
1544 615 1659 678 ducere

186 694 336 770 vere.“*l
380 696 416 771 3)
443 694 615 772 „Volumus
628 696 737 773 etiarn,
759 703 792 756 ut
811 696 904 756 iidem
927 715 980 776 op·
1023 696 1138 757 modo“
1168 731 1209 741 —
1241 699 1328 756 aeine
1361 697 1609 779 Genebmigung.

184 776 289 856 pidani
312 784 344 837 et
369 778 452 836 cives
484 778 581 837 nostri
606 778 669 837 suis
701 779 780 838 areis
813 779 879 838 sitis
902 779 980 838 infra
1022 799 1050 840 a.
1073 798 1101 838 a.
1123 779 1160 838 0.
1181 778 1256 839 Urlr.
1279 779 1331 839 Νι.
1353 782 1372 844 6
1395 780 1426 841 Β.
1442 783 1510 857 130,
1532 784 1583 844 31.

185 857 321 919 Rochem
344 866 375 919 et
393 860 515 938 pascuis
537 860 611 937 suis,
632 879 692 938 qne
706 858 814 920 Vende
830 859 979 938 dicuntur,
1105 863 1200 938 1849,
1222 861 1311 922 Febr.
1333 863 1363 923 1.
1405 862 1534 922 Bisohof
1559 862 1659 923 Hein

185 947 309 1000 utantur
329 942 359 1000 in
383 942 466 1001 omui
488 959 527 1001 eo
544 944 624 1020 jura,
646 942 725 1000 sicut
740 943 906 1021 antiquitus
929 943 979 1002 ha·
1021 961 1083 1002 von
1095 941 1285 1002 Hlldesheim
1304 944 1418 1003 erkldrt
1438 944 1493 1003 aul
1507 944 1608 1004 Bitten
1631 944 1659 1005 dr

186 1020 345 1082 buerunt.“
387 1024 425 1097 4)
450 1023 734 1103 „Recognoscimua
748 1024 874 1104 insuper
895 1044 979 1104 prae·
1022 1045 1083 1084 von
1105 1025 1282 1084 bockenem
1306 1027 1361 1085 mit
1377 1027 1589 1106 Zustimmung
1610 1028 1659 1088 aei

185 1107 264 1164 senti
286 1106 416 1184 scripto,
439 1108 464 1165 si
486 1105 595 1184 aliquis
617 1107 753 1186 ipsorum
771 1108 908 1184 moritur,
930 1125 979 1166 ou·
1022 1107 1080 1167 tels
1110 1107 1191 1183 „alle
1225 1106 1264 1167 de
1292 1107 1459 1188 borghere‚
1494 1107 1533 1167 de
1562 1128 1602 1168 no
1632 1129 1659 1168 w

180 1189 354 1266 juscunque
377 1206 470 1247 sexus
491 1187 542 1248 vel
557 1189 636 1267 juris
658 1188 727 1265 luit,
748 1188 831 1267 quod
854 1188 979 1249 demon·
1022 1191 1067 1248 ain
1096 1190 1127 1248 in
1162 1189 1217 1250 der
1238 1188 1312 1249 Slad
1343 1198 1374 1250 to
1397 1191 1575 1267 Bokeuum,
1603 1211 1647 1253 un

185 1274 298 1329 strator
329 1289 384 1330 seu
410 1271 570 1349 expositor
599 1269 797 1330 haereditatis
823 1270 921 1348 illius,
954 1273 979 1330 si
1021 1271 1172 1349 Kiudere,
1199 1271 1239 1332 de
1261 1291 1320 1331 van
1343 1280 1384 1332 dn
1405 1273 1520 1332 komen
1543 1274 1659 1354 mdgba

185 1350 276 1411 luerit
297 1351 415 1412 servilis
433 1351 628 1430 conditionis,
651 1353 751 1431 possit
771 1360 888 1413 tantum
911 1373 978 1412 cum
1022 1353 1107 1414 ierne
1129 1355 1173 1413 sie
1185 1353 1248 1413 ihm
1272 1353 1332 1413 und
1355 1355 1425 1414 dem
1441 1354 1530 1415 Stilte
1553 1353 1659 1437 (Klost

186 1432 306 1494 duobus
328 1453 416 1494 suum
437 1433 538 1494 facere
555 1435 779 1514 jurameutum,
806 1435 979 1514 ubieunque
1022 1437 1146 1515 springe
1173 1435 1220 1496 bis
1247 1435 1340 1495 dahin
1362 1436 1452 1516 hbrig
1480 1456 1647 1518 gemmeo,

185 1515 241 1575 fuit
262 1515 322 1575 hoc
345 1516 505 1576 necesse.“
547 1518 584 1594 b)
608 1516 704 1594 „Item
718 1519 980 1598 recognoscimus,
1022 1517 1084 1577 und
1107 1518 1183 1578 litent
1204 1536 1259 1596 ,se
1281 1539 1321 1578 un
1343 1519 1404 1578 alle
1426 1528 1479 1579 dre
1502 1519 1659 1581 hinderel

185 1597 269 1677 qnod
290 1598 364 1659 dicti
390 1597 536 1679 oppidani
564 1598 603 1658 ad
631 1600 820 1660 secutionem
833 1599 886 1678 ²¹⁸)
911 1619 979 1680 pro·
1023 1600 1070 1660 los
1098 1620 1157 1659 van
1181 1566 1293 1661 alleme
1314 1600 1427 1661 ddnste
1455 1622 1495 1661 un
1525 1622 1585 1662 vau
1612 1603 1659 1664 all

185 1681 367 1760 scriptorum
395 1698 646 1760 quorumcunque
674 1700 737 1742 non
764 1689 906 1743 tenentur
934 1702 979 1742 se·
1021 1681 1061 1742 de
1083 1701 1116 1742 se
1138 1682 1287 1763 plicbtigh
1306 1702 1410 1743 waren
1433 1691 1464 1744 ιο
1478 1683 1583 1744 donde
1604 1704 1659 1746 vor

185 1764 236 1842 qui
259 1763 338 1822 ultra
359 1770 457 1823 metae
480 1769 654 1824 truncorum
678 1765 779 1842 pacis,
809 1767 861 1844 qui
883 1764 979 1825 frede·
1020 1765 1215 1845 ghemeynen
1242 1765 1437 1845 Borgheren,
1474 1766 1513 1827 de
1542 1767 1615 1827 wile
1642 1766 1659 1828 d

183 1845 277 1925 pthle
304 1844 460 1923 dicuntur,
493 1846 551 1905 nisi
580 1864 674 1905 causa
702 1846 791 1906 nobis
820 1848 979 1908 imminere
1022 1847 1182 1906 Bokenum
1205 1848 1372 1907 wonaftich
1386 1849 1465 1908 siu.“
1498 1850 1656 1911 Buchholz

185 1927 360 2006 specialiter
388 1927 543 2005 videatur3
575 1935 701 2008 propter
732 1929 814 2008 quod
837 1936 980 1990 tenentur
1021 1929 1194 1992 Utilitas
1217 1929 1247 1989 S.
1263 1933 1332 1994 132.
1368 1931 1467 2008 [casu
1483 1931 1597 1991 Gesoh.
1622 1937 1651 2005 s.

184 2017 217 2070 et
237 2008 374 2069 adstricti
395 2017 467 2070 suut
486 2018 588 2070 astare
610 2009 781 2089 judiciuin
805 2013 979 2092 prolatione
1103 2012 1166 2071 Das
1195 2013 1226 2070 in
1254 2012 1309 2072 der
1332 2013 1477 2073 Urlrunde
1504 2014 1659 2076 erwthnte

184 2092 320 2151 omnium
342 2092 576 2171 sententiarum,
600 2093 846 2174 quandocunque
869 2095 980 2154 suerint
1021 2093 1275 2173 Lamspringe
1292 2095 1328 2168 *J
1360 2103 1501 2176 entsagte
1533 2096 1659 2177 dbrigen

183 2174 351 2252 requisiti.“
394 2193 419 2236 v.
443 2177 563 2236 Steinen
591 2195 620 2235 a.
642 2195 671 2235 a.
693 2174 730 2236 Ο.
753 2177 784 2239 6.
807 2179 979 2255 220—233
1020 2175 1427 2256 Hbrigkeits-Anapruoheu
1461 2198 1501 2237 an
1528 2179 1580 2239 die
1610 2180 1659 2242 bo

184 2257 312 2316 [loreum
333 2275 361 2315 a.
383 2275 411 2318 a.
434 2256 470 2317 0.
491 2256 522 2318 Β.
540 2259 579 2322 66
602 2254 653 2338 flg.
1022 2258 1137 2338 Burger
1163 2266 1226 2318 erst
1252 2261 1293 2318 im
1321 2261 1349 2319 J.
1374 2261 1462 2324 1433.
1506 2260 1576 2340 Vgl.
1606 2263 1659 2323 Bu.

1022 2359 1048 2400 a.
1072 2340 1109 2403 0.
1135 2344 1214 2412 §.16
1238 2340 1320 2405 629
1343 2343 1397 2401 mit
1414 2342 1489 2402 Urh.
1511 2342 1564 2403 Νι.
1579 2343 1659 2409 166

184 2419 274 2480 01111.
493 2421 675 2488 Bockenen.
1104 2426 1201 2501 1391,
1230 2423 1314 2502 Sept.
1336 2428 1365 2487 9.
1407 2424 1536 2485 Bischot
1555 2424 1658 2487 (terh

512 2538 658 2589 (urnnover.)
1020 2503 1209 2564 Hildesheim
1236 2505 1429 2566 entseheidet
1455 2508 1487 2566 in
1516 2509 1602 2569 einer
1629 2509 1659 2571 St

1021 2587 1175 2647 awiscbeu
1205 2587 1350 2648 Heinrich
1379 2589 1535 2670 Crusecop
1571 2610 1609 2650 au
1638 2592 1659 2652 Ε

264 2672 312 2732 Fr.
326 2675 492 2751 Buchholz,
514 2672 774 2734 Geschichtevou
789 2673 977 2751 Boekenem,
1020 2669 1082 2728 und
1114 2669 1183 2729 dem
1210 2670 1311 2730 Rathe
1341 2671 1400 2730 und
1431 2671 1486 2731 der
1515 2673 1659 2753 liutgero«

184 2753 977 2836 miteinemUrkuudenbuohe‚Hildesheim184360.
1020 2751 1130 2829 selbst‚
1162 2752 1331 2812 betreffend
1366 2754 1415 2813 die
1450 2754 1641 2837 Mittragung

267 2840 363 2914 luco,
398 2838 466 2898 Oct.
490 2841 538 2902 16.
582 2838 639 2897 Die
666 2836 832 2918 grdllichen
864 2837 979 2897 Brdder
1020 2833 1258 2913 meindelasten,
1288 2835 1394 2895 dahin:
1429 2835 1504 2913 „dat
1531 2858 1591 2916 eyn
1610 2841 1659 2917 Jer

183 2918 340 2979 Kourad
365 2920 426 2979 und
447 2920 597 2982 dohann
622 2938 693 2980 von
717 2918 978 2999 Wuldeuberg
1019 2914 1074 2975 dar
1096 2927 1200 2976 wonet
1222 2937 1260 2976 uu
1284 2917 1365 2977 noch
1388 2925 1419 2977 to
1445 2920 1598 2980 woneude
1621 2939 1659 3001 qt

182 3001 339 3061 verleiben
372 3003 458 3062 ihren
489 3003 625 3083 Burgern
657 3022 695 3061 nu
715 3002 893 3061 Bochenem
921 3002 976 3061 das
1020 3007 1051 3058 ιο
1075 2998 1128 3058 der
1141 3016 1291 3080 wapenen
1314 2999 1551 3080 nichtgheborn
1567 3022 1606 3062 en
1623 3023 1659 3062 w«

181 3083 293 3143 Recht:
328 3103 384 3162 „so
412 3084 550 3145 welhere
571 3086 616 3144 vri
643 3091 699 3165 gut
726 3083 833 3144 kolthe
862 3084 924 3144 ond
946 3094 977 3144 et
1018 3100 1075 3141 uns
1097 3101 1256 3142 ununsem
1277 3082 1393 3143 Stiohte
1409 3083 1464 3142 mit
1485 3082 1541 3144 der
1554 3084 1659 3165 Wape

182 3166 232 3306 gin
243 3169 300 3307 ίιὲιιι
329 3168 360 3225 in
382 3168 464 3227 sinre
491 3187 589 3308 wlqrre
607 3165 725 3309 qeglde,
752 3166 843 3225 hema
859 3167 976 3309 Jeuqlqlq
1018 3182 1056 3222 eu
1079 3162 1235 3305 dfineldem
1256 3166 1319 3307 quit¹
1332 3185 1383 3307 pud
1396 3164 1516 3306 scullerlr1
1536 3166 1659 3308 qqlqoter

181 3266 235 3425 ,ι
260 3255 299 3425 ιι
316 3256 619 3409 titillatu
648 3257 830 3391 ,ιιειιιιθ
844 3268 975 3426 gitta
1018 3264 1659 3450 u„ttaaztmutrml

181 3413 974 3577 1111111111.1111111111
1016 3412 1084 3471 ''⁰'²
1099 3430 1195 3571 ht,
1210 3411 1659 3559 lsl‘hl‘lultllu

180 3595 222 3635 un
244 3595 292 3637 we
315 3577 368 3637 dat
378 3584 434 3657 gut
454 3580 485 3638 in
497 3578 553 3638 der
570 3598 668 3639 werre
681 3578 791 3656 hedde,
813 3578 852 3639 de
867 3578 974 3638 soolde
1016 3595 1077 3635 von
1095 3574 1283 3636 Hildesheim
1298 3583 1445 3719 gestattet
1465 3575 1536 3636 dem
1552 3577 1656 3639 Rathe

181 3676 217 3718 so
239 3657 294 3719 der
320 3659 449 3741 heracup
478 3682 533 3722 ver
553 3662 693 3743 scillinge
723 3679 784 3721 von
816 3661 872 3721 der
891 3661 973 3720 hove
1016 3658 1151 3737 Bltrgern
1174 3660 1276 3718 seiner
1321 3658 1588 3735 tadtBockenem,
1611 3663 1659 3739 „el

180 3760 280 3821 geven
314 3749 346 3801 to
375 3744 454 3803 sinte
482 3744 640 3805 michaelis
668 3745 779 3824 dage.“
827 3743 972 3824 Zugleich
1015 3739 1101 3800 wehr
1131 3746 1163 3801 to
1185 3740 1343 3821 graffende
1372 3739 1453 3801 unde
1485 3740 1523 3801 de
1545 3747 1659 3804 toveati

180 3822 257 3883 wird
279 3823 334 3883 der
355 3823 641 3887 StadtBockcnem
663 3824 973 3899 destitutumque,
1016 3822 1180 3883 betsernde
1208 3822 1289 3884 unde
1320 3830 1352 3883 to
1381 3822 1541 3883 aiemende
1567 3843 1630 3884 van

179 3905 242 3965 und
273 3907 303 3966 in
332 3907 503 3988 Ansehung
528 3909 583 3969 der
612 3909 736 3970 Wetteu
770 3909 826 3968 das
855 3908 975 3989 goslurer
1017 3904 1075 3965 dor
1102 3905 1161 3965 den
1193 3905 1408 3986 Dulmerberg,
1442 3905 1481 3984 by
1512 3905 1572 3965 den
1600 3906 1659 3969 Κῡι

179 3987 279 4048 Reoht
304 3990 481 4069 („gosleres
503 3992 652 4067 wedde“)
682 3991 832 4072 gegeben.
877 3993 974 4052 Bucb-
1017 3987 1077 4047 hen
1092 3988 1160 4069 **),
1183 3987 1250 4049 also
1273 3988 1357 4048 ierne
1379 3987 1445 4047 else
1466 3986 1521 4047 des
1544 3987 1659 4051 beboff

178 4071 246 4132 tou
268 4090 295 4130 a.
317 4090 345 4134 a.
368 4070 403 4135 Ο.
427 4073 501 4135 Urk.
522 4075 575 4135 Νι.
595 4078 613 4137 4
636 4074 666 4138 S.
684 4076 743 4138 129
770 4075 841 4152 [mit
861 4073 973 4135 Gesch.
1019 4069 1060 4149 by
1083 4076 1185 4129 namte
1208 4069 1248 4130 de
1269 4071 1420 4130 Landwer
1438 4076 1469 4129 to
1490 4070 1635 4146 Dulem“,

180 4158 209 4226 s.
234 4156 252 4217 6
274 4152 305 4214 Β.
317 4156 347 4230 9,
371 4158 438 4233 10].
1016 4151 1194 4212 demselben
1208 4152 1294 4232 Tage
1317 4152 1366 4213 die
1378 4151 1606 4213 Piaudiuhaber
1622 4154 1659 4216 de

261 4239 358 4314 1814,
387 4239 460 4318 Apr.
484 4242 512 4302 6.
569 4237 698 4298 Bischof
724 4238 913 4298 Heinrich
935 4239 971 4300 ll.
1015 4253 1064 4294 ses
1090 4233 1320 4313 Woldenstein,
1356 4233 1496 4315 Ludolph
1527 4254 1589 4295 von
1624 4237 1659 4299 W

178 4336 250 4379 von
272 4318 515 4381 Hildesheim
544 4319 667 4380 ertheilt
692 4321 791 4380 einem
820 4340 882 4381 von
911 4321 971 4381 den
1015 4317 1076 4376 und
1099 4317 1238 4396 Ludolph
1261 4336 1323 4378 von
1343 4316 1546 4395 Sellenstltdt,
1568 4319 1599 4376 iu
1624 4320 1659 4383 be

177 4399 350 4479 „Consules
376 4410 408 4463 et
434 4401 558 4482 opidani
585 4403 616 4461 in
639 4402 799 4464 Bohenum
829 4404 868 4463 de
889 4423 971 4465 com-
1013 4398 1160 4461 Urlrunde
1183 4401 1248 4460 ihre
1262 4400 1482 4479 Einwilligung
1501 4400 1613 4479 geben.

178 4483 262 4542 muni
283 4483 499 4564 beneplacito“
515 4484 698 4545 enichteten
716 4491 881 4563 „statutum
905 4489 970 4548 sive

179 4563 331 4625 ordinatio
360 4602 400 4612 -
427 4567 510 4645 quod
537 4568 728 4647 quicunque,
761 4572 847 4648 cujus
880 4570 972 4629 etiam

178 4655 275 4707 status
303 4657 356 4709 aut
382 4649 567 4710 conditionis
590 4651 717 4729 existat,
749 4670 817 4711 curn
844 4653 918 4731 ipsis
941 4653 971 4710 in
1086 4671 1117 4736 ⁸)
1140 4671 1549 4729 Ueherdmeqbeg,1,pmw1
1585 4676 1659 4731 ΗΜ,

178 4729 260 4792 dicto
283 4732 378 4811 opido
401 4738 623 4810 commoretur,
652 4734 702 4811 qui
725 4752 817 4814 agros
839 4736 869 4793 in
892 4752 971 4793 cam-
1014 4739 1065 4796 156
1085 4741 1132 4810 llg.
1154 4742 1207 4797 542
1226 4745 1272 4814 ssg.
1556 4712 1565 4746 '

177 4814 225 4893 pis
246 4815 341 4893 ipsius
365 4815 449 4896 opidi
470 4815 600 4894 habeat,
623 4835 700 4894 quos
723 4816 783 4876 coli
805 4816 911 4877 lecerit
932 4817 971 4876 de
1086 4831 1132 4893 ⁰)
1152 4830 1249 4885 Dieses
1271 4840 1351 4885 unter
1368 4833 1430 4886 dem
1447 4835 1554 4887 Nomen
1572 4834 1625 4890 der
1643 4877 1659 4907 ,.

177 4897 305 4975 eodem,
340 4898 408 4957 talis
439 4898 632 4959 contribuere
662 4898 775 4959 debeat
803 4899 970 4959 secundum
1012 4900 1659 4962 bardosanus-lundonavoruommenusssst

176 4977 306 5039 sormam
330 4979 402 5040 dicti
439 4982 544 5041 statuti
573 4981 612 5042 ad
634 4980 831 5042 muniendum
860 5001 897 5042 ac
924 4982 970 5042 iir-
1013 4973 1088 5023 '¹⁰¹¹‘
1110 4972 1218 5042 *³⁶3³ssss
1239 4976 1282 5027 bei
1302 4975 1364 5027 <¹⁰⁰¹
1386 4975 1523 5028 Eissfllwffl
1544 4977 1593 5030 der
1612 4978 1659 5033 Bel

177 5061 321 5121 mandum
351 5062 476 5140 opidum
500 5071 718 5141 memoratum3
745 5071 777 5124 et
804 5066 829 5125 si
852 5066 919 5145 quis
940 5065 970 5124 id
1012 5043 1108 5167 ἔξιθ’
1129 5044 1319 5129 durchschnitt
1337 5045 1657 5119 ⁶⁰⁰⁰⁸¹¹¹¹¹¹¹¹0¹30182

1058 5131 1164 5183 mgswe
1187 5132 1201 5168 e
1226 5118 1273 5168 hrn
1294 5116 1468 5183 verlausend,
1492 5118 1549 5170 und
1568 5118 1659 5174 audete

395 5202 487 5209 -·-·
499 5204 516 5209 -
524 5203 595 5210 ·---
1014 5185 1148 5238 oberhulb
1161 5132 1209 5239 des
1219 5187 1367 5240 Dahlumer
1378 5188 1515 5243 Thurmes
1523 5190 1659 5244 belindlid

248 5252 279 5318 ⁸)
300 5257 337 5304 st.
357 5252 516 5318 „monere.“
1014 5256 1091 5308 ward
1111 5257 1178 5310 aber
1205 5265 1262 5311 erat
1281 5275 1327 5311 um
1347 5258 1392 5312 die
1410 5259 1486 5312 Mitte
1504 5259 1555 5314 des
1574 5261 1633 5317 XV.
1650 5262 1659 5314 l

251 5325 298 5386 ⁰)
318 5328 356 5376 se.
375 5323 572 5391 „sactionem.“
1014 5327 1116 5381 lendet.
