3548 5826
627 315 816 390 muer.
1438 304 1502 379 wll

78 465 160 531 diicat
186 468 236 532 vel
262 469 390 550 aliquod
417 469 610 534 obstaculum
638 471 670 532 in
712 473 754 533 ris
782 472 936 553 religiosis
962 489 1051 533 areas
1072 469 1122 531 vel
1149 469 1335 530 hereditates
1356 468 1430 530 dare
1451 468 1501 529 vel

78 555 114 626 bt,
129 553 177 614 uiri
195 552 344 633 requisita
364 559 396 616 et
417 553 545 616 obtenta
565 560 672 616 nostra
712 554 847 617 uendere
863 555 942 616 iuba
952 555 1092 637 granicus
1106 553 1237 615 civitatis
1250 552 1416 614 debeamus
1429 569 1501 612 con·

78 635 170 714 psat
208 635 357 697 Preterea
377 643 605 718 utargumentn
627 638 670 698 rei
713 646 760 700 tra
781 639 862 699 velle
884 637 1110 702 communitatis
1132 644 1164 697 et
1184 654 1379 697 eonsensum.
1420 635 1502 695 lnter

78 717 184 796 milesto,
206 718 291 799 quod
314 739 371 780 uos
390 722 473 781 omni
495 721 672 781 intencione
713 723 771 783 hec
801 723 906 783 omnia
926 720 1069 782 nolentes
1099 738 1168 781 esse
1188 720 1350 780 immemor
1371 717 1502 779 ecclesie

78 818 134 863 mus
156 801 310 882 sepedicto
336 803 467 864 civitatis
489 805 612 864 nitimur
633 802 671 863 ad
714 805 898 886 paroehialis
920 811 1026 865 sancte
1046 803 1213 864 Katherius
1239 800 1377 883 ejusdem
1398 801 1502 861 civita·

78 883 228 959 subdicte
241 886 373 946 civitatis
389 885 507 948 civibus
523 887 671 949 instratis
715 889 767 967 tis,
800 889 848 948 cui
870 896 1010 949 tenemur
1030 906 1069 948 ex
1091 884 1196 946 debito
1218 884 1380 966 providere
1402 882 1501 944 eidem

85 964 181 1045 iuris,
210 970 244 1028 in
265 970 397 1045 semitis,
426 970 457 1029 in
489 988 672 1049 quocunque
715 970 856 1046 ecclesie,
878 990 933 1031 sex
956 988 1080 1031 mansos
1101 962 1260 1050 proximos
1281 988 1321 1029 ex
1341 967 1396 1029 illa
1415 973 1503 1048 parte

78 1064 125 1126 tque
144 1050 229 1113 tuerit
257 1051 335 1113 inira
366 1053 508 1132 granicus
531 1053 672 1130 civitatis,
716 1052 883 1116 molendini
918 1052 1037 1115 arnoldi
1072 1072 1179 1114 versus
1212 1057 1344 1112 castmm
1378 1049 1503 1112 domine

82 1131 209 1211 stjudioii
220 1134 434 1195 auctoritatem
454 1141 486 1197 et
497 1136 672 1216 potenciam
714 1144 820 1199 nostre
840 1155 897 1216 pro
927 1136 1000 1198 dote
1022 1135 1122 1197 eidem
1150 1135 1281 1196 ecclesie
1302 1135 1503 1215 assignamus,

78 1214 245 1295 strennus,
267 1225 300 1278 et
320 1216 434 1279 adhoc
450 1217 599 1297 judicium
621 1218 673 1278 he·
714 1221 757 1281 ita
779 1228 881 1281 tamen
903 1226 938 1280 ut
953 1219 993 1299 hij
1010 1238 1065 1280 sex
1080 1218 1270 1279 mansiinter
1286 1224 1407 1278 centum
1421 1235 1503 1276 man·

78 1296 221 1361 intimis.
263 1300 310 1361 lta
331 1307 450 1380 tamen,
472 1308 506 1362 ut
526 1300 673 1382 quidquid
715 1322 767 1364 sos
789 1302 919 1383 liberos,
949 1321 1026 1383 quos
1050 1301 1166 1364 civibus
1187 1300 1342 1380 dedimus,
1371 1299 1505 1361 debeant

92 1375 164 1442 berit
181 1390 214 1444 et
234 1381 273 1444 de
289 1381 408 1463 judicio
432 1387 568 1463 cesserit,
590 1384 672 1465 quod
714 1387 876 1446 numerari.
919 1386 1048 1446 Demum
1078 1392 1112 1445 ut
1132 1383 1171 1445 de
1193 1382 1439 1466 contingentibus
1462 1382 1503 1441 ni·

78 1458 134 1551 ¹ltbis
157 1472 185 1527 st
204 1466 319 1528 nostris
342 1468 571 1529 successoribus
602 1487 673 1548 pars
715 1468 775 1529 chil
797 1470 919 1550 penitus
946 1468 1137 1546 obmittatur,
1174 1468 1407 1548 prememoratis
1434 1465 1504 1525 ciri·

78 1550 160 1626 totu,
189 1557 222 1610 et
248 1550 332 1609 cives
358 1548 441 1612 dicte
469 1551 600 1612 civitatis
622 1550 674 1611 ha
715 1551 822 1613 busin
853 1551 912 1632 hijs
933 1553 1054 1632 scriptis
1074 1551 1293 1632 promittimus,
1322 1549 1505 1611 conferimus

78 1639 202 1707 sperus.
245 1631 286 1692 Et
306 1640 340 1692 ut
358 1633 463 1693 omnia
484 1653 540 1696 suo
556 1633 673 1712 ordine,
716 1642 748 1695 st
768 1633 936 1713 donamus,
963 1642 997 1695 ut
1018 1635 1044 1696 si
1063 1635 1143 1696 torte
1164 1635 1270 1696 civitas
1293 1634 1323 1694 in
1346 1633 1438 1694 alium
1462 1632 1505 1692 lo-

78 1712 236 1795 tvelgasta
256 1714 377 1793 fuerint
399 1716 600 1796 explicantur,
621 1717 673 1777 ha
716 1736 784 1778 eum
808 1719 912 1799 posita
930 1717 1037 1794 fuerit,
1059 1715 1140 1798 quod
1163 1718 1195 1777 in
1217 1717 1299 1795 loco,
1321 1734 1382 1798 quo
1405 1715 1507 1797 posita

78 1807 111 1852 lu
133 1798 262 1876 parcium
284 1817 376 1858 unam
399 1798 480 1859 idem
504 1801 587 1861 cives
604 1803 675 1879 jure
716 1802 820 1879 buerit,
854 1801 959 1862 omnia
980 1804 1052 1881 jura
1071 1820 1143 1879 sus,
1175 1818 1234 1880 que
1284 1800 1361 1861 rimo
1392 1798 1506 1876 habuit,

89 1887 219 1972 perpetuo
230 1880 443 1961 possidebunt,
460 1882 587 1944 alteram
599 1901 674 1944 vero
716 1883 906 1981 integraliter
933 1883 1045 1945 debeat
1072 1883 1220 1945 obtinere.
1262 1818 1303 1944 bt
1326 1890 1428 1944 autem
1448 1881 1507 1942 hec

78 1964 187 2042 toronis,
219 1982 310 2043 quarn
338 1983 394 2044 pro
423 1966 485 2025 suis
517 1985 675 2046 compara·
717 1986 823 2029 omma
850 1986 890 2027 ex
913 1985 1067 2029 consensu
1089 1967 1185 2029 nostri
1206 1966 1332 2045 capituli
1351 1984 1408 2047 pro
1430 1965 1507 2025 utili-

78 2045 149 2125 ttrijs
175 2046 257 2127 apud
277 2045 452 2108 iohannem
473 2048 675 2130 Flemingum,
717 2057 782 2111 tate
803 2057 883 2111 terre
910 2057 1015 2112 nostre
1037 2049 1179 2111 ordinata
1204 2047 1422 2110 inviolabiliter
1441 2067 1507 2128 per·

87 2130 167 2189 nostri
189 2130 315 2211 capituli
337 2128 376 2191 de
399 2130 558 2193 voluntate
579 2132 676 2193 libera
718 2140 863 2194 sererent
890 2138 922 2193 et
950 2132 1044 2195 robur
1070 2132 1230 2195 obtineant
1249 2138 1397 2213 perpetue
1418 2131 1507 2193 lirini-

78 2224 108 2270 rr.
131 2210 170 2273 llt
190 2219 293 2294 preter
314 2212 486 2274 hecadbuc
506 2215 676 2296 insignum
719 2216 806 2295 tatis,
827 2222 1000 2297 presentem
1023 2235 1115 2297 super
1135 2216 1196 2277 hoc
1217 2215 1336 2276 literam
1357 2213 1508 2277 conscribi

78 2309 93 2369 ι,
109 2294 218 2357 launna
240 2303 272 2357 et
292 2297 396 2377 gracie
416 2297 559 2377 specialis
581 2299 676 2360 omni·
720 2306 751 2360 et
772 2306 878 2361 nostro
911 2317 949 2360 ac
970 2300 1067 2360 nostri
1096 2298 1220 2380 capituli
1247 2299 1348 2381 sigillo
1381 2296 1508 2359 secim'us

78 2376 104 2454 r,
133 2377 354 2440 habitatoribus
385 2387 417 2440 et
444 2379 561 2441 civibus
597 2380 678 2441 dicte
719 2382 857 2444 roborari
890 2401 958 2442 cum
995 2381 1123 2443 testibus
1156 2380 1345 2443 subnotatis:
1383 2380 1509 2442 domino

78 2460 222 2522 *civitatis
250 2468 399 2542 perpetuo
427 2462 626 2525 consedimus
648 2469 680 2524 et
720 2465 853 2527 Henrico
875 2466 1049 2546 preposito,
1071 2465 1197 2527 domino
1216 2463 1358 2526 Gotirido
1376 2463 1509 2546 plebano

84 2553 111 2603 ut
128 2544 157 2604 in
181 2552 292 2624 stagno
314 2546 445 2623 recenti,
471 2555 616 2626 quantum
639 2545 680 2607 ad
722 2546 892 2630 elbingensi
920 2556 952 2609 et
972 2555 1078 2609 nostro
1106 2549 1273 2626 canonico,
1310 2546 1436 2608 domino
1458 2546 1509 2607 Jo-

78 2633 123 2705 ret,
159 2635 192 2688 et
218 2628 249 2687 in
285 2626 372 2688 Seria
399 2628 538 2690 similiter
566 2630 677 2711 piscari
721 2630 837 2708 banne,
859 2633 934 2692 item
955 2630 1081 2694 domino
1096 2631 1256 2710 iohanne,
1278 2630 1435 2691 canonicis
1456 2646 1510 2688 no-

87 2707 217 2771 debeant
237 2728 305 2770 cum
328 2711 412 2772 omui
433 2710 548 2793 genere
569 2713 678 2775 instru-
721 2715 807 2792 stris,
829 2713 954 2775 domino
977 2715 1107 2775 blartino
1129 2721 1236 2775 nostro
1259 2713 1438 2794 capellano,
1459 2711 1511 2772 Jo-

78 2799 145 2872 epto
168 2800 272 2854 tamen
294 2811 333 2854 eo
356 2793 439 2872 quod
460 2796 492 2855 in
506 2795 593 2856 Seria
613 2796 678 2857 nul·
720 2797 822 2858 haune
844 2804 876 2858 et
896 2796 1024 2857 Albertn
1045 2795 1186 2857 iratribus
1207 2796 1334 2876 nostris,
1357 2792 1511 2859 Brulando

78 2882 247 2955 trumento,
269 2875 353 2956 quod
374 2876 462 2938 alsalr
477 2878 597 2957 dicitur,
619 2880 678 2959 pis
721 2879 885 2957 advocato,
909 2879 1059 2940 Wernero
1081 2878 1121 2940 de
1132 2879 1244 2941 Russin
1267 2886 1298 2940 et
1319 2879 1387 2959 alije
1410 2877 1511 2938 multis

78 2965 108 3034 t,
141 2958 190 3020 vel
223 2957 385 3019 obstacula
411 2960 520 3039 iaciat,
553 2962 611 3023 nisi
639 2982 679 3022 ex
721 2964 794 3023 viris
816 2961 994 3044 fldedignis,
1026 2981 1155 3041 quorum
1178 2969 1280 3023 tamen
1302 2963 1428 3022 nomina
1449 2978 1511 3021 non

78 3041 142 3103 ucia
163 3041 322 3122 singulari.
353 3041 394 3102 lit
414 3062 476 3104 non
500 3052 616 3106 tautum
640 3046 680 3105 ci·
722 3052 793 3107 sunt
813 3047 936 3126 scripta.
979 3045 1090 3106 Datum
1109 3065 1190 3107 anno
1213 3045 1329 3106 domini
1349 3043 1511 3104 millesimo

78 3142 116 3185 no
138 3123 280 3186 omnibus
302 3127 415 3187 noenia
437 3127 611 3189 hominibus
632 3128 679 3188 tir·
722 3129 933 3190 ducentesimo
966 3129 1177 3209 octuagesimo
1216 3135 1324 3209 quarto
1362 3125 1512 3187 kalendas

78 3206 218 3285 libemus,
252 3209 379 3287 nequis
412 3210 546 3272 inseris
574 3210 628 3271 illa
648 3212 679 3270 in
722 3212 827 3293 aprilis
849 3213 879 3272 in
896 3217 996 3272 castro
1011 3210 1136 3272 domine
1158 3218 1271 3272 nostre.
1318 3211 1446 3291 [Datum
1468 3227 1512 3269 re·

78 3287 83 3347 i
109 3298 250 3372 stagnum
287 3289 402 3369 influit,
437 3293 540 3373 aliquo
572 3295 680 3355 instru·
722 3296 826 3376 scripti
860 3313 943 3356 anno
972 3293 1089 3355 domini
1116 3293 1162 3354 bl⁰
1183 3294 1234 3354 cc⁰
1262 3292 1317 3354 xc⁰
1337 3294 1389 3375 iiij.
1416 3291 1513 3374 pridie

78 3373 128 3435 nri
156 3373 271 3435 audeat
292 3373 342 3435 vel
364 3384 537 3455 presumat,
567 3396 606 3438 ne
626 3396 681 3458 per
723 3377 790 3439 idus
811 3376 1005 3456 Octobris.]“

78 3456 207 3517 ntinuum
229 3458 357 3537 piscium
379 3457 480 3519 aditus
501 3459 680 3521 retardetur.
805 3459 1129 3542 Zwaimslgedruckt:
1153 3464 1188 3532 a)
1206 3459 1285 3519 nach
1302 3457 1513 3539 derOriginal-

81 3539 323 3601 omniabrevitsr
340 3540 572 3620 concludentur,
595 3562 681 3624 sepe·
724 3544 822 3624 Oopie
849 3543 905 3606 der
933 3543 1125 3606 confirmatio
1153 3543 1230 3625 priv.
1259 3563 1288 3602 v.
1317 3541 1346 3602 J.
1370 3543 1450 3605 1294
1471 3542 1512 3601 im

78 3636 118 3681 ius
143 3632 174 3684 et
201 3623 316 3683 civitati
346 3642 438 3685 omne
465 3628 518 3705 jus
539 3625 683 3691 lubicerse
724 3627 892 3708 convipl.
912 3625 1514 3701 Wamtens.13d.1Nr.5os.97-101;

78 3709 91 3762 t
107 3705 295 3787 integraliter
322 3707 507 3769 conferimus
537 3717 569 3769 et
588 3708 683 3771 dona
723 3710 762 3785 b)
785 3712 864 3772 nach
895 3712 980 3772 einer
1006 3710 1154 3770 weiteren
1187 3708 1388 3789 Emeuerung
1420 3706 1514 3768 durch

83 3784 172 3850 iorum
202 3788 330 3850 liberum
363 3789 498 3853 habeant
523 3790 588 3870 die,
623 3812 684 3873 qua
725 3793 855 3854 Bischol
876 3794 1020 3856 Heinrich
1048 3792 1098 3855 111.
1121 3790 1314 3854 Sorenbohm
1336 3811 1364 3852 v.
1389 3793 1436 3857 18.
1454 3790 1513 3850 blai

100 3878 129 3932 et
155 3872 308 3933 territorio
337 3891 375 3932 ae
396 3875 512 3935 civitati
533 3873 685 3936 videbitur
727 3879 806 3942 1316
841 3877 889 3938 bei
924 3880 1024 3956 Voipt,
1060 3874 1136 3937 (iod.
1166 3874 1247 3954 Dipl.
1281 3874 1382 3935 Pruss.
1410 3873 1466 3936 Bd.
1488 3873 1515 3933 ll

88 3960 117 4014 nt
133 3975 206 4016 suas
228 3954 430 4034 hereditates,
457 3976 516 4036 que
539 3978 600 4020 non
622 3959 683 4019 fue·
725 3959 777 4021 Nr.
795 3959 836 4020 Vl
858 3959 888 4021 S.
907 3964 997 4025 6-9.

78 4029 128 4115 lea,
150 4037 273 4119 possint
290 4037 439 4117 vendere,
461 4060 580 4118 emere,
603 4061 684 4103 com-
808 4042 1048 4123 Braunsberg-
1068 4039 1253 4121 Brunsberg,
1275 4039 1330 4100 der
1342 4037 1423 4120 Sage
1437 4038 1514 4099 nach

78 4112 135 4209 lonc
157 4121 247 4196 dare,
268 4122 440 4203 resignare,
463 4125 610 4204 recipere,
630 4144 683 4186 no·
726 4146 763 4186 uu
775 4125 876 4186 Ehren
899 4125 953 4187 des
974 4126 1108 4207 heiligen
1126 4124 1228 4184 Bruno
1246 4143 1282 4184 so
1297 4121 1458 4203 geheissan
1476 4156 1515 4166 -

78 4201 155 4283 titis,
187 4222 291 4265 coram
309 4204 415 4285 judice
445 4213 477 4267 et
493 4206 611 4287 judicio
633 4209 684 4268 hc·
727 4209 848 4270 scheint
867 4209 979 4270 bereits
1002 4229 1053 4270 um
1078 4207 1237 4271 1241-51
1261 4204 1368 4267 erbaut
1388 4204 1515 4266 worden

82 4285 220 4364 civitatis,
252 4293 286 4348 ut
316 4288 496 4367 scoltetum,
532 4291 684 4368 scabinos,
727 4311 763 4351 zu
785 4293 869 4372 sein,
901 4291 963 4353 und
993 4291 1052 4354 soll
1080 4290 1146 4350 sein
1175 4297 1272 4350 erstes
1300 4287 1517 4371 Stadtprivileg

91 4371 223 4431 seniores
252 4369 341 4432 nobie
366 4372 544 4451 irrequisitis
566 4374 686 4453 possint
733 4376 1043 4453 1249,s0wie1255
1066 4375 1120 4435 das
1143 4371 1279 4433 lttbische
1300 4370 1400 4432 Recbt
1420 4370 1517 4431 erhal·

78 4453 197 4530 latuere,
220 4451 401 4532 destituere,
423 4463 516 4535 prout
534 4458 609 4538 ipsis
631 4475 685 4517 sue
730 4467 780 4520 ten
801 4457 912 4521 haben.
955 4457 1043 4519 Docb
1064 4459 1104 4518 ist
1125 4455 1200 4516 tiber
1221 4454 1271 4515 die
1291 4453 1517 4515 frithestentle·

78 4530 183 4597 debitur
197 4535 408 4619 expedire*)3
429 4547 463 4599 ut
486 4539 616 4600 macella
635 4557 687 4619 pa·
730 4540 854 4603 schicke
876 4541 931 4602 des
945 4542 1036 4603 Ortes
1059 4539 1147 4602 tieles
1163 4537 1286 4599 Dunkel
1303 4536 1517 4618 nusgebreitet.

78 4633 133 4696 um,
161 4625 314 4695 sutorum,
341 4619 523 4700 pellificum,
557 4622 688 4702 penesti·
730 4626 801 4685 Erst
826 4642 886 4684 von
910 4624 979 4685 dem
1001 4625 1156 4685 Momente
1182 4640 1232 4698 sn,
1254 4619 1295 4679 da
1314 4620 1517 4702 Braunsberg,

78 4717 176 4777 ueras,
212 4711 244 4762 et
266 4722 389 4763 omnem
421 4723 546 4764 censum
569 4705 690 4785 possint
730 4710 771 4768 im
793 4706 906 4788 Kriege
933 4706 987 4768 des
1009 4703 1259 4767 Deutschordens
1280 4701 1376 4763 wider
1397 4702 1446 4763 die
1468 4703 1517 4764 ab·

78 4794 281 4847 ,constmere
309 4805 364 4846 sue
390 4806 447 4867 pro
469 4788 566 4848 fructu
589 4794 620 4849 et
639 4806 688 4848 co·
730 4789 903 4870 gelallenen
931 4789 1082 4850 Preussen
1110 4787 1207 4866 vollig
1240 4791 1383 4864 zerstdrt,
1424 4784 1517 4846 durch

78 4864 155 4931 itatis.
196 4868 238 4929 Et
258 4867 525 4949 licetquibusdam
547 4890 688 4951 asperum
731 4874 780 4935 die
801 4872 890 4934 Thttti
913 4873 977 4933 heit
998 4871 1151 4932 ltlbischer
1171 4867 1335 4929 Ausiedler
1355 4875 1445 4929 unter
1465 4867 1519 4928 der

78 4957 170 5013 tamen
188 4970 246 5013 nos
264 4951 338 5031 ipsis
356 4952 472 5014 civibus
485 4954 689 5033 promittimus
733 4956 862 5037 Leitung
889 4893 943 5016 des
969 4955 1128 5016 lohannes
1150 4952 1302 5031 Fleming,
1335 4952 1419 5011 eines
1446 4952 1519 5013 Bru-

78 5035 280 5097 nriolabiliter
293 5034 460 5114 observari,
481 5043 515 5096 ut
537 5035 628 5096 nullis
649 5036 691 5094 vi·
734 5040 803 5101 ders
825 5038 879 5100 des
895 5036 1157 5098 ermeltndischen
1172 5033 1312 5095 Bischoss
1329 5033 1519 5110 heinrichi,

733 5125 773 5183 im
796 5122 823 5182 J.
840 5124 917 5187 1276
939 5119 1056 5180 wieder
1077 5138 1132 5178 eus
1154 5118 1259 5178 seinen
1273 5115 1451 5178 Trdmmern
1474 5137 1518 5178 er·

78 5171 405 5315 'guffissfffgffln
406 5187 530 5297 2¹1,ng
541 5174 691 5297 '‘fissgffl'
733 5204 862 5266 standan
897 5202 959 5263 und
991 5201 1109 5263 alsbald
1145 5220 1198 5260 zur
1223 5197 1404 5282 Bedeutung
1435 5201 1520 5262 einer

78 5316 199 5445 mm
218 5316 324 5370 honnta
340 5313 439 5369 leider!
458 5313 520 5368 hier
537 5314 613 5368 nicht
632 5330 689 5368 ver·
733 5289 881 5434 mm:
899 5285 997 5433 Lug·
1008 5280 1522 5452 §rfggsnigfflfflssrfflafflss
