3548 5826
575 356 579 365 ,
693 300 837 356 Bruchsal.
1525 303 1588 373 405

78 457 121 517 ὓ.
139 452 190 529 (l)
214 450 347 513 Bisobol
361 449 541 516 UlrichII.
556 452 749 533 vonSpeyer
791 475 886 516 nuere
917 456 984 516 sive
1019 464 1220 537 augmentare
1251 461 1383 540 poterit,
1417 462 1586 524 secundum

78 557 100 595 n
130 554 222 596 suum
247 535 280 595 iu
303 534 465 613 Brucbsel,
494 534 576 615 quod
604 537 746 617 gravissi·
789 540 925 619 graciam
947 559 1003 599 sue
1025 540 1230 620 celsitudinis,
1264 561 1321 622 per
1348 564 1382 604 se
1412 544 1513 624 ipsum
1536 547 1587 608 vel

78 619 167 679 cusis
187 619 370 696 construxit,
393 624 425 679 et
445 617 645 680 advocaciam
668 623 746 697 ejus·
790 619 957 683 officiatum
980 621 1029 682 vel
1052 642 1108 702 per
1130 622 1283 685 officiatos
1306 645 1394 703 suos,
1423 645 1501 705 quos
1523 629 1587 690 illic

78 702 146 761 ria
167 702 281 762 comite
305 699 470 761 Cuonrado
493 699 533 762 de
555 701 671 778 Calwe,
693 703 744 781 qni
789 704 987 780 ordinaverit,
1010 705 1134 783 quando
1158 714 1190 766 et
1206 708 1355 785 quociens
1370 709 1432 769 hoc
1451 728 1507 769 sue
1521 711 1585 792 dig-

78 782 233 845 beoeflcio
247 783 364 861 babuit,
382 802 463 843 cccc.
483 786 593 845 marcis
606 785 745 865 redemp-
788 787 875 848 nitati
898 786 1049 865 placuerit
1071 808 1125 848 seu
1147 788 1301 850 videbitur
1322 792 1486 870 expedire,
1519 795 1585 855 sive

78 867 197 943 vineas,
211 885 288 945 quas
298 867 409 947 partim
423 868 497 927 emit
509 867 744 948 partimplanta·
787 869 849 930 hoc
878 870 908 929 in
933 889 1046 950 magno
1068 872 1158 930 luerit
1178 872 1229 931 vel
1256 873 1287 932 in
1310 892 1416 953 parvo.
1459 874 1500 935 Et
1527 896 1585 938 nos

78 967 280 1029 quaecunque
303 949 365 1010 alia
385 948 469 1009 bona
489 950 602 1010 ibidem
628 951 743 1028 habuit,
786 952 944 1028 scultetus,
961 955 1056 1031 jurati
1079 973 1116 1013 ac
1130 956 1312 1015 universitas
1334 957 1495 1036 prescripti
1515 978 1585 1040 pro·

78 1052 143 1092 rum
158 1030 314 1110 advocati,
327 1050 418 1110 quem
433 1031 544 1093 adhoc
559 1033 663 1113 elegit,
678 1034 743 1112 glo·
785 1032 908 1095 fitemur
922 1033 1090 1114 obligando
1114 1036 1152 1095 ad
1175 1037 1236 1097 lroc
1250 1057 1308 1098 nos
1330 1046 1362 1099 et
1374 1046 1499 1100 nostros
1517 1061 1584 1102 suc

78 1115 105 1176 si
125 1114 268 1195 genitrici
289 1115 386 1176 llarie
408 1122 440 1176 et
461 1115 595 1195 capitulo
618 1116 743 1194 majoris
786 1135 938 1193 cessores,
962 1117 1045 1196 quod
1067 1120 1092 1178 si
1107 1119 1217 1198 aliquis
1240 1120 1290 1180 vel
1313 1121 1409 1200 aliqui
1431 1142 1471 1182 ex
1492 1123 1583 1185 nobis

97 1198 129 1257 in
155 1196 245 1276 Spira
266 1218 322 1278 pro
346 1198 484 1259 remedio
509 1200 610 1259 anime
633 1219 689 1259 sue
711 1199 741 1258 in
786 1209 895 1260 contra
921 1207 1037 1260 statuta
1072 1221 1126 1260 seu
1161 1202 1307 1263 mandata
1338 1204 1453 1265 domini
1488 1207 1585 1267 nostri

78 1287 166 1341 stem
188 1279 243 1341 dat
264 1327 272 1341 .
295 1327 302 1342 .
326 1326 333 1342 .
358 1330 365 1343 .
388 1281 446 1341 hec
474 1289 577 1341 autem
604 1283 649 1342 ita
670 1300 741 1341 cou-
784 1281 914 1362 predicti
935 1302 990 1342 seu
1012 1285 1058 1342 sui
1082 1282 1225 1362 officiati,
1255 1304 1315 1364 que
1337 1306 1509 1366 supernos
1531 1309 1585 1369 pu-

78 1408 88 1442 ,
114 1371 151 1422 ut
173 1362 274 1424 nullus
296 1382 429 1442 unquam
453 1382 666 1425 successorum
690 1363 741 1423 ali·
785 1363 864 1424 blioe
886 1371 1001 1426 statuta
1022 1366 1134 1426 luerint
1155 1367 1206 1427 vel
1228 1370 1406 1441 commissa,
1427 1371 1584 1451 quippiam

78 1474 81 1501 ι
115 1445 264 1526 predictis
299 1446 390 1507 bonis
423 1465 606 1526 quacunque
637 1447 742 1526 specie
784 1447 886 1508 locere
897 1450 1141 1527 presumpserint
1162 1456 1216 1510 aut
1237 1469 1271 1510 se
1289 1450 1405 1511 eisdem
1430 1453 1583 1514 mandatis

77 1529 99 1589 li
128 1527 170 1588 ab
197 1529 330 1590 ccclesia
351 1529 488 1608 Spirensi
513 1529 617 1590 valeat
643 1548 742 1589 remo·
784 1530 998 1610 opposuerint,
1021 1532 1167 1592 mandata
1182 1533 1357 1613 hujusmodi
1371 1554 1433 1596 non
1447 1536 1583 1597 curando

78 1612 198 1688 vrinae,
211 1610 348 1692 Regesta
362 1610 607 1674 Badeusiarlnh.
622 1611 741 1677 Natos
784 1631 842 1673 nec
864 1632 903 1672 ea
924 1613 1138 1690 observando,
1161 1615 1191 1673 in
1215 1615 1308 1676 talem
1327 1636 1439 1696 penam
1462 1638 1502 1678 ex
1523 1618 1585 1680 hoo

97 1695 237 1769 armas
258 1714 285 1757 a.
309 1714 336 1754 a.
359 1693 396 1755 0.
417 1694 469 1756 Nr.
487 1698 544 1759 lbll
568 1695 599 1756 S.
616 1698 682 1759 125.
785 1695 902 1772 incidit,
923 1695 1008 1777 quod
1021 1696 1060 1756 dc
1073 1697 1252 1775 perdicione
1264 1705 1326 1757 tam
1338 1701 1479 1779 corporis
1491 1720 1583 1780 quarn

78 1781 127 1855 Β,
156 1775 236 1838 Nov.
261 1779 308 1840 12.
351 1777 481 1839 Bischof
501 1777 682 1838 Heinrich
704 1776 741 1838 11.
785 1798 886 1838 rerum
919 1798 1042 1838 suarum
1065 1781 1202 1839 omnium
1232 1800 1303 1840 reus
1325 1781 1425 1843 lactus
1448 1790 1511 1861 est,
1540 1785 1584 1844 ita

78 1879 153 1941 eyer
184 1858 295 1919 belreit
321 1859 377 1920 das
399 1860 524 1921 Kloster
550 1859 743 1920 Herren-Alb
785 1860 867 1939 quod
902 1860 1044 1922 dominus
1072 1869 1194 1938 noster,
1229 1863 1404 1942 quicunque
1431 1872 1504 1925 tunc
1525 1885 1582 1945 pro

78 1962 149 2005 soen
173 1940 415 2018 Grundholden,
446 1950 558 2004 sammt
588 1942 671 2002 allen
699 1942 741 2001 ih·
785 1952 925 2022 tempore
946 1943 1050 2021 fuerit,
1073 1962 1185 2023 corpus
1208 1952 1240 2005 et
1260 1963 1310 2005 res
1326 1947 1395 2008 talis
1415 1953 1582 2028 transgres-

78 2026 192 2121 drigcu
208 2024 325 2085 Gutsrn
349 2024 412 2085 und
433 2023 554 2086 Sachen
577 2025 636 2103 „ab
657 2025 743 2086 omni
785 2026 863 2086 soris
887 2026 937 2086 vel
960 2026 1064 2087 talium
1087 2026 1144 2087 sibi
1173 2028 1306 2107 accipiet
1327 2029 1422 2108 pleno
1443 2028 1581 2091 dominio

78 2127 92 2169 s
122 2126 190 2168 srva
212 2108 393 2185 exactione,
427 2128 487 2187 que
509 2108 679 2188 vulgariter
701 2106 742 2166 di·
784 2107 984 2188 possidenda.
1028 2109 1059 2169 Si
1082 2110 1180 2168 eciam
1199 2112 1266 2188 quis
1290 2130 1329 2170 ex
1352 2111 1442 2172 nobis
1465 2113 1582 2172 civibus

78 2190 162 2272 gelt,
184 2191 267 2269 quod
290 2190 347 2250 sibi
365 2192 550 2270 (episcopo)
576 2211 615 2250 ex
637 2192 681 2250 eis
704 2188 743 2250 de
785 2190 932 2270 predictis
953 2192 1118 2270 requisitus
1140 2192 1232 2252 luerit
1252 2213 1271 2253 a
1290 2193 1431 2272 predicto
1454 2195 1581 2256 domino

78 2292 139 2335 sua
153 2272 291 2353 Spirensi
304 2280 334 2332 et
356 2273 501 2353 oppido
524 2292 593 2334 suo
609 2272 742 2333 Bruch-
785 2281 892 2334 nostro
915 2293 969 2334 seu
991 2293 1048 2334 suo
1063 2272 1209 2353 ciliciam,
1232 2281 1265 2335 ut
1282 2275 1322 2337 sd
1336 2277 1582 2338 convincendam

102 2356 169 2416 suis
191 2355 422 2416 successoribus
450 2366 559 2436 posset
580 2357 743 2434 provenire
786 2356 915 2435 alicujus
939 2357 1091 2416 maliciam
1114 2357 1189 2436 ipsis
1210 2376 1266 2437 per
1287 2376 1346 2418 noa
1359 2359 1507 2420 auxilinm
1528 2361 1582 2420 im·

78 2437 164 2501 rbolt
175 2439 216 2497 irn
229 2438 291 2498 Mai
311 2439 416 2517 mo]
435 2441 547 2499 Monc's
559 2438 610 2498 all.
625 2438 742 2499 Ztschr.
786 2437 953 2517 pendatur,
983 2440 1158 2520 quicunque
1180 2441 1211 2499 in
1234 2439 1295 2500 hoc
1314 2440 1440 2501 rebellis
1463 2461 1518 2502 seu
1538 2443 1581 2502 in-

97 2522 159 2585 124
184 2519 328 2599 (Exta),
351 2523 421 2585 372.
446 2522 531 2596 (R).
786 2520 934 2581 obediens
952 2523 1096 2597 extiterit,
1119 2521 1170 2581 hic
1192 2542 1304 2601 penam
1323 2526 1462 2603 corporis
1484 2533 1516 2585 et
1537 2545 1583 2585 re

78 2606 120 2682 B,
143 2602 275 2665 Oetes.
297 2602 549 2664 Sohultheiss
573 2602 742 2663 undBttr-
784 2623 851 2663 rum
873 2603 989 2664 incidet
1011 2611 1042 2664 et
1062 2604 1169 2664 incidit
1182 2606 1411 2685 antescriptam.
1453 2606 1502 2667 Ad
1525 2607 1584 2667 bec

78 2685 228 2747 neiude
257 2705 318 2746 von
341 2685 490 2747 Bruchsal
513 2685 670 2746 erkennen
693 2685 743 2744 die
786 2686 891 2746 omnia
921 2685 1055 2746 tenenda
1082 2696 1114 2745 et
1141 2687 1360 2748 iuviolabiliter
1388 2687 1584 2750 observanda

78 2768 219 2849 lniglreit
243 2768 325 2828 ihrer
347 2766 436 2829 Stadt
464 2769 643 2850 gegenssber
672 2767 742 2827 den
786 2767 944 2846 scultetus,
961 2770 1055 2848 jurati
1079 2787 1117 2828 ac
1131 2771 1313 2830 universitas
1330 2770 1460 2850 predicti
1470 2778 1583 2850 sponte

78 2851 161 2914 ‘rien
183 2870 259 2911 von
282 2849 428 2931 Spcyer
450 2871 505 2911 an:
786 2869 845 2911 nos
867 2859 899 2910 et
914 2860 1037 2911 nostros
1053 2869 1250 2913 successores
1264 2853 1460 2932 astringimus
1483 2861 1515 2913 et
1528 2851 1580 2914 ob·

78 2935 202 2996 overint
224 2934 374 3013 universi,
403 2934 512 3014 quibus
541 2952 633 2993 nosse
655 2932 745 2992 lirerit
786 2933 916 3013 ligamus
938 2932 994 2992 sub
1018 2932 1172 3012 corporali
1195 2943 1409 3012 sacramento,
1437 2936 1520 3015 quod
1542 2934 1582 2995 ds

78 3037 143 3095 um,
166 3017 250 3096 quod
264 3035 321 3077 nos
340 3018 497 3096 scultetus,
514 3018 609 3097 jurati
631 3034 668 3075 ac
680 3016 743 3075 uni·
786 3016 847 3075 hoc
873 3016 905 3074 in
935 3016 1054 3076 animas
1082 3023 1204 3076 nostras
1228 3018 1435 3097 prestitimus,
1466 3024 1498 3078 et
1524 3018 1581 3077 sub

90 3102 206 3161 civium
229 3101 260 3160 in
279 3100 459 3160 Bruchsella
472 3107 744 3181 recognoscentes,
786 3117 867 3178 pena
898 3099 1039 3177 corporis
1067 3107 1098 3159 et
1118 3116 1219 3158 rerum
1241 3101 1438 3179 antescripts.
1480 3099 1521 3160 Et
1542 3118 1582 3160 ne

78 3203 110 3246 ss
133 3191 166 3243 et
187 3185 285 3243 nostri
307 3193 522 3244 antecessores
544 3203 564 3243 a
582 3182 743 3244 retroactis
785 3182 977 3260 inposterum
1005 3201 1098 3262 super
1131 3183 1244 3242 nostris
1272 3182 1529 3262 promissionibus
1550 3189 1583 3244 et

78 3268 137 3329 bus
171 3265 309 3326 dominio
338 3275 370 3327 et
390 3267 537 3346 potestati
559 3264 743 3326 venerabilis
786 3264 1039 3324 submissionibus
1069 3265 1119 3324 hic
1146 3265 1324 3344 prescriptis
1355 3265 1460 3344 aliqua
1484 3265 1580 3326 insur-

78 3360 122 3410 rto
146 3348 264 3409 domini
286 3350 398 3428 nostri,
421 3349 560 3429 episcopi
582 3348 744 3428 Spirensis,
785 3354 840 3427 gat
860 3346 1052 3426 calumpnia,
1078 3355 1254 3427 presentem
1284 3348 1416 3408 litteram
1445 3349 1581 3409 testimo-

98 3433 231 3512 subjecti
254 3433 381 3511 fuimus,
413 3451 518 3492 sumus
541 3441 573 3491 et
598 3434 629 3492 in
652 3434 744 3493 antea
786 3429 899 3489 nialem
922 3430 1074 3490 conscribi
1091 3430 1219 3490 lecimus
1242 3437 1273 3490 et
1293 3450 1362 3491 eam
1385 3429 1487 3510 sigillo
1511 3431 1582 3491 civi·

78 3517 206 3589 bemus,
229 3523 367 3575 nostram
389 3514 613 3595 subjectionem
633 3515 664 3574 in
686 3513 743 3573 hiis
785 3513 857 3573 tatis
880 3512 1039 3572 Bruhselle
1061 3512 1197 3592 predicte
1212 3513 1365 3574 voluimus
1388 3514 1580 3575 communiri.

87 3598 129 3658 de
152 3597 313 3658 voluntate
335 3599 471 3658 omnium
500 3604 532 3657 et
553 3597 744 3678 singulorum
785 3597 897 3655 Actum
913 3605 945 3655 et
962 3594 1161 3656 datumanno
1184 3595 1300 3656 domini
1324 3596 1376 3655 ΜΟ.
1402 3608 1464 3658 co⁰.
1487 3615 1582 3656 nona

78 3682 118 3741 ris
142 3690 174 3741 et
190 3681 304 3740 nostris
317 3679 548 3741 successoribus
562 3678 745 3741 confitemur
786 3678 905 3758 gesimo
934 3686 1063 3753 octavo,
1095 3679 1170 3738 feria
1197 3685 1306 3756 quarta
1337 3680 1480 3758 proxima
1509 3685 1583 3758 post

78 3772 209 3824 sommus
229 3762 351 3842 publice
373 3764 429 3825 sub
450 3763 510 3823 hac
530 3763 639 3840 forms,
661 3761 743 3841 quod
786 3760 867 3820 Luce
879 3760 1111 3841 ewangeliste.“
1139 3760 1251 3822 Moac's
1263 3761 1313 3821 all.
1328 3761 1444 3821 Ztschr.
1461 3760 1514 3821 Bd.
1526 3760 1582 3822 Vll

78 3867 105 3907 ss
132 3864 333 3924 quascunque
361 3847 427 3906 sive
448 3846 686 3924 exempciones,
719 3845 745 3904 si
787 3843 818 3904 S.
840 3844 917 3919 286,
946 3846 984 3907 87
1011 3843 1109 3919 (nach
1142 3844 1243 3903 einem
1270 3862 1417 3923 speyerer
1443 3842 1583 3903 Vidimus

78 3929 226 4002 tbuirnus,
259 3947 314 3988 seu
335 3929 415 3990 forte
443 3929 532 3989 nobis
558 3929 657 3988 visum
680 3927 744 4003 fuit,
787 3946 815 3986 v.
840 3924 951 4007 1333).

78 4012 194 4072 babere
205 4009 387 4072 deberemus
410 4014 440 4072 in
461 4010 600 4091 predicta
621 4011 745 4070 civitate
870 4010 960 4071 1314.
1004 4007 1133 4067 Bischos
1145 4006 1304 4067 Emicho
1326 4028 1363 4068 zu
1381 4007 1499 4088 Spcyer
1520 4005 1584 4067 und
1622 4016 1641 4078 5

78 4094 143 4171 lla,
175 4095 298 4174 penitus
319 4094 498 4155 abdicamus
520 4103 552 4154 et
573 4092 689 4153 eisdem
713 4093 744 4151 li·
787 4092 852 4151 sein
876 4089 1071 4170 Domcapitel
1099 4097 1254 4169 gestatteu
1277 4090 1446 4168 ‚,scultcto,
1474 4108 1583 4151 oonsu-

80 4197 118 4238 us
140 4186 173 4237 et
185 4177 281 4237 eciam
300 4177 589 4254 consuetudinibus,
612 4196 651 4236 ex
674 4195 745 4255 qua
787 4173 867 4234 libus
890 4174 1081 4252 caeterisque
1104 4174 1215 4252 juratis
1248 4172 1353 4254 oppidi
1377 4171 1579 4249 Brncbsselle,

90 4279 188 4320 causa
209 4259 249 4319 ad
272 4278 329 4319 noa
351 4261 401 4321 vel
423 4261 604 4320 adnostros
626 4277 746 4319 succes·
788 4263 821 4316 ut
842 4256 901 4334 ipsi
922 4255 1025 4316 locum
1047 4255 1162 4316 dictum
1193 4275 1230 4316 ss
1251 4255 1311 4316 den
1333 4263 1464 4336 stangen
1487 4253 1585 4314 under

78 4343 315 4420 ovenemnt2r,
336 4344 552 4404 renunciamus
568 4341 747 4421 simpliciter
788 4339 848 4399 den
877 4346 984 4418 stegen
1014 4339 1104 4398 situm
1136 4342 1228 4417 juxta
1253 4340 1411 4418 antiquum
1440 4343 1584 4414 castrum,

78 4438 183 4503 otum,
217 4424 418 4503 confitentes,
452 4425 536 4504 quod
560 4423 746 4484 venerabilis
787 4421 1027 4496 infructuosum,
1054 4421 1192 4481 inutilem
1215 4428 1247 4480 et
1267 4420 1501 4500 paludinosum,
1531 4417 1583 4498 qui

78 4529 94 4570 s
119 4507 464 4585 nosterr'nderieusn,
487 4507 748 4587 deigracianunc
789 4504 957 4584 vulgariter
984 4502 1093 4564 dicitur
1121 4505 1170 4563 ein
1198 4503 1356 4582 almende,
1385 4504 1466 4563 inter
1490 4520 1525 4561 se
1553 4506 1586 4560 et

78 4594 105 4653 is
133 4591 314 4673 episcopus,
347 4600 378 4653 et
405 4590 544 4651 similiter
574 4609 647 4649 suus
681 4607 747 4650 suc·
790 4586 965 4667 oppidanos
983 4587 1049 4646 sive
1070 4586 1189 4647 incolas
1211 4585 1283 4646 dicti
1311 4584 1417 4666 oppidi
1446 4582 1585 4644 dividere

97 4675 273 4755 quicunque
294 4675 435 4736 fueritin
458 4673 567 4735 cadem
590 4671 749 4753 dignitate,
790 4689 845 4730 seu
864 4668 1046 4729 distribuere
1059 4670 1181 4749 possint
1201 4665 1369 4728 'secuudum
1388 4664 1584 4727 communem

78 4778 123 4821 ros
151 4767 183 4818 et
205 4766 329 4819 nostros
350 4775 546 4818 successores
573 4756 603 4816 in
625 4756 750 4817 civitate
791 4751 1101 4812 utilitatemomnium
1115 4752 1285 4812 incolarum
1309 4758 1341 4811 et
1353 4751 1485 4812 civitatis
1497 4767 1584 4829 prae·

78 4840 133 4903 ella
155 4840 296 4920 predicta
316 4841 487 4902 residentes
516 4846 547 4899 et
574 4838 687 4898 ibidem
709 4836 749 4898 de
791 4835 908 4912 dictae,
932 4879 938 4894 .
962 4880 969 4895 .
994 4880 1001 4894 .
1028 4834 1087 4894 hac
1119 4833 1298 4894 conditione
1333 4832 1469 4912 adjecta,
1501 4829 1585 4910 quod

78 4926 96 4985 ri
117 4925 290 4986 servientes
309 4927 395 5004 jura,
417 4930 547 4994 statuta,
578 4921 749 4981 ordinacio·
791 4918 863 4977 dicti
887 4917 1045 4994 scultetus,
1072 4917 1226 4993 consules,
1243 4916 1338 4996 jurati
1360 4933 1415 4975 seu
1438 4913 1585 4994 oppidani

83 5006 327 5069 consuetudines
349 5007 390 5067 ibi
407 5004 557 5066 tenendas
578 5004 748 5066 instituere.
792 5001 905 5061 dictum
928 4999 1031 5060 locum
1054 5000 1119 5060 sive
1148 5005 1265 5077 partem
1287 5000 1353 5077 ejus
1375 4995 1414 5057 ad
1435 4997 1586 5057 culturam

78 5110 96 5152 e
124 5100 156 5151 et
177 5088 321 5152 similiter
341 5089 463 5152 casdem
485 5089 661 5166 immutare,
697 5088 749 5147 mi·
792 5102 847 5144 seu
869 5081 908 5142 ad
931 5081 1116 5143 fertilitatem
1140 5087 1172 5140 et
1191 5078 1230 5140 ad
1246 5080 1407 5140 utilitatem
1429 5077 1586 5140 redactam

793 5166 884 5226 nullis
907 5165 1027 5226 clericis
1049 5165 1115 5223 sive
1139 5162 1293 5242 religiosis
1315 5169 1369 5223 sut
1390 5160 1458 5223 aliis
1480 5180 1585 5242 perso·

793 5250 841 5311 nis
863 5247 1094 5327 quibuscunque
1123 5245 1153 5304 in
1176 5253 1264 5324 parte
1285 5243 1337 5305 vel
1363 5245 1395 5305 in
1423 5250 1490 5307 toto
1513 5262 1586 5305 veu-

78 5228 373 5239 -—.--—.-—---

79 5282 279 5335 Perveneriot?

78 5351 220 5407 Friedrich
239 5366 295 5404 von
314 5348 472 5416 Bolsndsn,
491 5347 676 5404 1272-1302.
794 5330 994 5392 derodebant
1014 5336 1068 5388 aut
1079 5327 1156 5387 alias
1172 5327 1309 5389 alienare
1330 5346 1350 5387 a
1371 5325 1454 5389 dicto
1470 5325 1586 5408 oppido
