3548 5826
172 242 236 339 sna
840 232 1048 325 'eum

175 425 414 487 Kurhessiscbes
426 423 617 485 Privatrecht
640 419 722 484 aa]
745 419 864 505 (1858)
890 429 917 496 S.
933 423 971 487 18
1014 428 1062 482 tus
1084 423 1265 503 sangninem
1278 424 1459 502 cujusquam
1479 417 1623 482 effuderit
1642 440 1672 481 ss

174 507 205 570 8.
218 511 255 573 37
280 507 332 588 flg.
816 504 820 511 ’
1013 505 1096 585 piam
1125 505 1329 583 interfecerit,
1364 511 1396 564 ct
1421 503 1524 564 locum
1559 511 1672 585 transgr

117 607 133 667 1
258 593 348 654 lesa.
370 588 528 669 Landgraf
534 588 730 648 Hermann
744 586 780 647 ll.
802 586 971 648 derJttn-
1014 587 1151 648 evadens
1172 588 1204 647 iu
1221 586 1315 648 domo
1338 605 1396 647 sua
1418 606 1452 647 se
1475 588 1640 665 receperit,
1663 607 1672 646 r

174 692 263 755 gere
300 692 377 733 von
411 672 627 751 Thttringen
666 669 833 750 bestatigct
864 671 969 730 seinen
1014 669 1139 729 domum
1169 669 1297 749 alicujus
1324 670 1400 728 civis
1423 669 1548 748 fugerit,
1579 669 1621 729 ab
1644 687 1672 731 or

174 755 390 816 Ratbmanncn
422 754 483 814 und
506 753 644 833 Burgern
665 754 696 813 in
719 752 826 814 Caesel
848 753 903 812 aui
919 752 969 813 de·
1014 753 1099 814 lente
1120 753 1318 832 impeticione
1335 769 1475 811 securum
1500 770 1569 811 esse
1583 751 1672 813 volun

176 858 229 898 ren
253 837 334 897 liitte
361 837 412 897 die
441 856 501 896 von
533 835 592 896 den
616 834 775 896 Erbanern
806 834 861 894 des
882 835 971 896 Ortes
1015 835 1096 896 dem.
1140 833 1172 895 Si
1196 854 1268 896 vero
1295 835 1326 894 in
1349 833 1512 902 recenti⁵t
1538 833 1622 893 lacto
1645 832 1672 894 ds

176 918 424 995 berrttbrenden,
446 920 476 978 in
497 920 582 978 einer
603 937 659 978 aus
675 916 922 996 Nachlttssiglreit
942 919 972 976 in
1016 937 1068 977 sus
1090 918 1179 976 fuerit
1193 937 1249 996 pro
1265 916 1425 996 sanguinis
1441 914 1604 993 effusione,
1628 936 1672 977 ms

177 1001 493 1081 derAulbewahrung
504 1001 645 1061 verloren
659 999 973 1081 gegangenenHand-
1016 999 1148 1077 cabitur,
1169 1009 1231 1075 aut,
1254 1001 1278 1059 si
1293 1020 1415 1059 manum
1432 998 1554 1059 salvare
1569 999 1672 1061 voluer

177 1085 255 1145 leste
288 1083 433 1145 verbriell
467 1103 654 1163 genesenen
688 1081 973 1162 Rechtssstzungen
1016 1083 1102 1161 ginta
1122 1081 1239 1142 solidos
1262 1084 1347 1142 istius
1370 1090 1495 1142 moneto
1528 1081 1619 1142 uobis
1642 1100 1672 1143 cr

177 1165 239 1227 nnd
268 1166 516 1246 Beguadungen,
549 1164 719 1225 betreffend
752 1163 974 1225 insbesondere
1017 1164 1075 1224 Pro
1098 1167 1236 1244 corporis
1258 1166 1473 1225 intersectione
1488 1163 1611 1224 civilem
1634 1172 1672 1225 ab

178 1249 228 1309 die
251 1247 436 1330 Stralfolgen
458 1248 609 1328 gewisser
628 1247 765 1325 Delicte,
795 1246 844 1307 die
867 1246 974 1306 Wahr·
1018 1266 1123 1326 gnrem
1146 1249 1334 1308 sentenciam
1356 1246 1528 1307 sustinebit.
1571 1247 1609 1307 ln
1628 1247 1672 1309 do

179 1350 242 1411 ung
266 1330 320 1392 des
344 1331 445 1391 Hans·
467 1330 530 1390 und
553 1328 816 1407 Stathriedens,
838 1329 897 1389 den
915 1328 975 1390 Ge·
1017 1330 1084 1409 pria
1112 1330 1177 1390 aive
1211 1330 1313 1394 aliena
1347 1337 1557 1410 transgressor
1592 1348 1672 1411 rece]

176 1413 361 1474 richtsstand
380 1412 435 1473 der
446 1414 563 1494 Burger
584 1414 624 1473 im
639 1412 789 1473 Processe
802 1411 876 1472 uber
890 1413 975 1493 ding·
1018 1411 1076 1472 sibi
1104 1411 1224 1492 prolixo
1247 1414 1309 1493 juri
1337 1420 1418 1473 stare
1445 1416 1629 1473 cauciouem
1656 1432 1672 1495 p

177 1496 259 1556 liobe
286 1496 576 1577 Gerechtiglseiten,
611 1495 662 1555 die
690 1494 975 1576 Bauholz·Bezttge
1020 1500 1045 1568 s.
1068 1496 1097 1557 4.
1120 1494 1246 1573 Quarta,
1268 1497 1442 1575 quicunque
1455 1494 1544 1572 latro,
1566 1495 1616 1554 sur
1633 1514 1672 1557 ss

177 1578 232 1639 der
254 1578 398 1641 Ersteren
421 1598 476 1639 aus
500 1578 559 1638 den
582 1576 869 1638 landeslttrstlicheu
892 1577 975 1638 Wal-
1019 1577 1109 1639 nobis
1131 1579 1341 1658 ignorantibus
1364 1579 1515 1655 existens,
1545 1577 1641 1639 rebus
1667 1600 1672 1637 r

177 1661 317 1741 dungen,
345 1660 467 1722 endlich
490 1661 550 1722 den
574 1659 688 1721 Schutz
710 1659 976 1740 neu-angesiedel·
1017 1661 1172 1740 positurus
1203 1662 1366 1725 civitatem.
1386 1661 1544 1740 ingressus
1566 1660 1672 1741 luerit,

178 1751 225 1805 ter
245 1744 519 1806 Stadtbewobner:
1018 1749 1079 1803 tarn
1102 1744 1329 1823 impetitionem
1359 1762 1485 1803 securus
1507 1761 1568 1803 non
1599 1744 1672 1807 time

261 1827 494 1905 „Hermannus,
522 1825 573 1886 dei
594 1826 699 1905 gracia
715 1824 822 1905 junior
843 1824 975 1966 lantgra-
1017 1826 1133 1904 siquis
1162 1833 1271 1887 eontra
1292 1827 1390 1905 ipsum
1418 1827 1582 1905 quicquam
1608 1833 1672 1887 tras

178 1910 259 1986 vius,
293 1910 443 1969 universis
484 1907 679 1988 presentibus
713 1914 745 1968 et
781 1906 888 1967 suturis
937 1925 976 1967 oc
1018 1908 1124 1986 luerit,
1146 1909 1177 1968 in
1200 1909 1362 1989 presencia
1379 1908 1492 1987 judicis
1522 1910 1638 1987 nostri,
1668 1934 1672 1965 ι

178 1992 324 2072 scriptum
361 1990 593 2071 inspicientibus
626 1989 757 2050 sulutem
790 1991 821 2049 in
852 1989 973 2051 Clrristo
1017 1997 1096 2050 stum
1119 1992 1218 2069 suerit,
1241 1999 1419 2070 exequetur.
1452 1996 1479 2064 s.
1502 1995 1532 2055 b.
1556 1990 1672 2065 (leriuls

177 2073 263 2136 lesu.
306 2073 435 2135 Noverit
456 2074 639 2133 universitas
662 2080 775 2153 vestra,
797 2071 881 2152 quod
902 2089 974 2133 con·
1017 2073 1066 2133 vel
1088 2073 1191 2152 plures
1207 2076 1321 2134 inimici
1344 2073 1382 2133 ud
1407 2075 1539 2133 invicem
1556 2075 1672 2137 existes

177 2156 262 2217 sules
289 2175 358 2216 cnm
389 2157 589 2216 universitate
611 2156 723 2216 civium
747 2164 922 2215 nostrorum
942 2154 972 2213 in
1016 2154 1098 2216 dicto
1122 2154 1215 2217 modo
1238 2157 1392 2217 civitatem
1415 2157 1551 2236 ingressi
1565 2157 1672 2219 luerint

178 2237 270 2299 Caele
291 2238 320 2321 ¹)
351 2240 383 2299 in
405 2239 568 2319 presencia
588 2246 697 2300 nostra
718 2238 890 2315 constituti,
919 2237 974 2296 in·
1016 2238 1153 2317 ipsorum
1180 2239 1259 2299 infra
1288 2239 1498 2299 municionem
1524 2240 1555 2299 in
1584 2259 1672 2319 perse

179 2323 321 2382 stituta
337 2323 436 2401 juris
458 2329 497 2381 et
547 2322 649 2382 racie
672 2321 710 2382 ab
727 2319 973 2382 antecessoribus
1017 2321 1109 2381 terius
1130 2341 1219 2382 ruere
1240 2341 1417 2402 presumere
1440 2320 1548 2400 debet,
1570 2321 1672 2402 sed,t

180 2404 305 2481 nostris,
318 2341 580 2465 constructoribus
598 2403 710 2480 ville²l
731 2403 880 2484 ejusdem,
903 2420 974 2463 con·
1021 2404 1091 2480 erit,
1119 2421 1222 2464 coram
1247 2404 1349 2465 villico
1371 2412 1479 2466 nostro
1502 2424 1672 2485 proponere

180 2485 342 2567 scripta³)
375 2506 415 2547 ex
443 2487 655 2568 negligencia,
686 2506 815 2566 quornm
838 2483 979 2546 custodie
1021 2487 1174 2545 sententia
1197 2487 1366 2565 dictaverit,
1390 2499 1569 2567 exequetur.
1610 2492 1672 2561 §.l

180 2571 348 2630 commissa
370 2570 506 2648 fuerant,
534 2589 569 2630 se
597 2569 768 2650 perdidisse
789 2586 979 2647 conqueren·
1021 2568 1193 2647 quicunque
1224 2570 1335 2630 civium
1358 2590 1466 2650 agros,
1498 2590 1591 2631 areas
1620 2570 1672 2633 vel

180 2659 244 2731 tes,
274 2653 385 2714 iterato
414 2651 471 2712 sibi
498 2651 651 2713 conscribi
674 2651 852 2733 suppliciter
873 2656 978 2730 postu·
1021 2669 1142 2730 cunque
1157 2652 1272 2713 reditus
1294 2653 1372 2713 insra
1388 2653 1617 2714 villicacionem
1635 2653 1672 2715 bs

180 2735 295 2796 labant.
339 2735 404 2796 Nos
431 2736 523 2815 igitur
543 2734 687 2816 precibus
711 2753 816 2796 eorum
839 2733 978 2793 inclinati
1021 2735 1177 2814 paraverit
1199 2744 1227 2794 et
1262 2737 1293 2794 in
1321 2737 1553 2815 possessiouem
1582 2739 1672 2799 misse

180 2824 213 2877 et
234 2817 346 2878 honori
375 2827 497 2896 nostro,
524 2835 565 2878 ne
590 2818 670 2878 sorte
697 2817 736 2878 de
766 2836 800 2876 se
816 2817 979 2895 quicquam
1021 2817 1123 2877 nullus
1144 2819 1242 2898 ipsum
1266 2838 1322 2897 pro
1338 2820 1539 2899 possessione
1560 2820 1616 2880 tali
1636 2819 1672 2881 ad

181 2901 253 2960 novi
284 2900 494 2980 instituerent,
532 2899 746 2981 providentes,
778 2906 870 2978 prout
895 2904 979 2977 pete·
1017 2900 1130 2980 J'udiois
1159 2902 1351 2979 presenciam
1375 2901 1491 2979 trahat,
1524 2901 1580 2962 sed
1608 2902 1672 2965 inl

179 2983 270 3060 bant,
301 2984 405 3063 priora
436 2984 575 3044 instituta
601 2985 736 3063 presenti
767 2983 881 3061 scripto
909 2981 979 3041 seci-
1022 2983 1071 3042 lici
1094 2983 1252 3043 casliensis
1275 2984 1332 3044 sibi
1354 2983 1495 3044 satisfieri
1513 2984 1672 3064 postulabi

179 3085 247 3126 mus
278 3065 449 3146 compilari.
499 3072 527 3139 S.
552 3070 579 3129 1.
607 3065 664 3125 Est
692 3085 766 3146 ergo
797 3064 855 3125 hec
881 3065 978 3144 prims
1021 3084 1096 3126 nere
1118 3064 1283 3144 volens⁸j3
1315 3068 1437 3127 sivero
1466 3076 1545 3127 teste
1567 3067 1672 3131 villico

184 3149 391 3209 institucionis
414 3156 446 3209 et
466 3150 570 3229 gracie
596 3148 705 3211 forma.
749 3147 780 3207 Si
810 3148 878 3227 quis
899 3147 979 3207 sorte
1021 3147 1100 3208 binis
1128 3149 1225 3208 actori
1248 3157 1361 3229 negata
1388 3150 1478 3209 suerit
1493 3150 1672 3228 justiciu,i

182 3231 309 3292 stimulo
331 3230 445 3292 invidie
460 3233 632 3292 concitatus
653 3237 707 3291 snt
722 3250 778 3311 pro
795 3230 900 3291 lavore
912 3248 979 3309 grc—
1021 3248 1142 3310 cunque
1160 3230 1273 3311 judicis
1301 3234 1396 3292 nostri
1420 3232 1554 3293 voluerit
1574 3250 1672 3313 presel

182 3317 231 3374 cie
260 3320 366 3373 nostre
396 3315 557 3394 quicquam
588 3314 660 3374 mali
682 3314 732 3374 vel
765 3313 804 3374 de
832 3312 901 3374 solo
930 3310 978 3372 vel
1021 3314 1139 3373 stisiam
1163 3313 1219 3373 sibi
1242 3313 1307 3374 lieri
1320 3322 1427 3374 nostra
1438 3314 1612 3394 postulabit
1623 3336 1672 3377 sur

185 3396 224 3457 de
246 3394 384 3476 pluribus
406 3395 523 3457 civibus
544 3395 635 3458 nobis
657 3397 858 3477 suggesserit,
885 3394 978 3455 verba
1023 3401 1050 3469 s.
1072 3401 1101 3458 7.
1124 3395 1271 3476 Septima,
1294 3397 1437 3476 quioquid
1450 3399 1534 3458 cirea
1547 3418 1672 3461 memor

183 3479 293 3559 ipsius,
324 3486 397 3539 ante
425 3499 516 3558 quarn
538 3480 673 3540 villicum
702 3487 839 3539 nostrum
862 3485 893 3538 et
914 3496 978 3537 sca-
1022 3480 1204 3539 municionis
1234 3489 1287 3539 aut
1316 3481 1346 3538 iu
1369 3480 1512 3539 domibus
1541 3482 1617 3561 ipsis
1638 3500 1672 3543 rs

183 3560 274 3621 binos
296 3580 390 3641 super
411 3562 746 3642 eisdeminterrogatos
760 3560 977 3637 audiverimus,
1021 3561 1189 3640 voluerint,
1218 3563 1247 3621 in
1271 3562 1348 3622 silva
1371 3571 1479 3624 nostra
1500 3565 1568 3624 sine
1590 3565 1672 3625 omni

182 3662 243 3705 non
276 3643 565 3709 animadvertemus.
619 3651 646 3718 s.
674 3647 703 3707 2.
737 3642 880 3704 Secunda
907 3643 976 3702 talis
1019 3644 1155 3704 dictione
1182 3644 1342 3704 custodum
1376 3647 1512 3705 nemoris
1541 3645 1667 3709 edificia

181 3733 243 3804 est,
278 3725 361 3805 quod
389 3746 448 3787 nec
477 3729 551 3787 civis
582 3728 683 3788 civem
708 3745 767 3786 nec
790 3725 863 3807 [de]
890 3735 977 3786 extra
1019 3735 1125 3787 nostra
1146 3726 1339 3807 indulgemus
1356 3730 1551 3789 arroteritate.
1586 3736 1615 3803 s.
1637 3730 1669 3795 8.

182 3810 337 3869 civitatem
360 3810 555 3871 manentibus
578 3810 738 3889 quisquam
760 3810 892 3889 aliquem
917 3827 976 3868 me·
1020 3812 1229 3889 cujuscunque
1258 3810 1450 3870 condicionis
1479 3812 1574 3872 bomo
1607 3810 1672 3873 vitu

183 3900 370 3952 moratorum
399 3894 510 3952 civium
540 3911 596 3972 pro
620 3892 721 3952 verbis
745 3891 976 3952 contumeliosis
1020 3893 1075 3952 sub
1109 3892 1189 3951 civili
1212 3892 1310 3951 foruna
1347 3913 1507 3965 mansurus
1535 3896 1672 3976 ingressu

182 3974 233 4034 vel
260 3974 328 4034 aliis
355 3973 551 4053 infamiist),
587 3994 646 4055 que
673 3977 760 4054 quasi
789 3974 898 4034 luvole
925 3974 977 4033 ba·
1019 3975 1049 4034 in
1073 3982 1179 4034 nostra
1192 3976 1387 4053 protectione
1401 3976 1581 4038 confidens¹
1587 3990 1602 4056 j
1623 3978 1672 4041 nul

181 4055 282 4117 bende
304 4063 390 4134 suut,
412 4075 545 4117 evocare
566 4059 687 4137 poterit.
731 4055 793 4118 aed
814 4057 975 4117 evocacio-
1018 4057 1132 4116 lentam
1154 4058 1383 4137 irnpetioiouern
1397 4069 1597 4140 expavescet,
1619 4060 1672 4125 sed

179 4157 249 4200 nem
272 4157 328 4219 pro
351 4139 460 4219 rapina
486 4140 609 4220 publica
635 4139 746 4199 factam
777 4146 830 4201 aut
850 4145 977 4218 propter
1018 4141 1204 4220 proponenti
1232 4140 1289 4200 sibi
1321 4143 1351 4200 in
1379 4142 1480 4203 forma
1503 4143 1613 4224 judicii
1641 4144 1672 4207 ci

179 4220 353 4282 evidentem
376 4221 546 4301 adjacentis
570 4223 707 4301 corporis
728 4222 974 4282 interfectionem
1018 4220 1228 4302 respondebit.
1279 4223 1325 4283 Ne
1356 4244 1433 4306 ergo
1461 4227 1571 4307 aliquis
1600 4246 1672 4289 suus

179 4313 277 4365 rutum
300 4323 370 4365 esse
392 4304 535 4365 volumus
557 4311 588 4364 et
605 4303 850 4366 irrevocabilem.
895 4310 923 4378 §.
946 4305 975 4367 3.
1019 4314 1192 4366 nostrornm
1215 4305 1271 4365 has
1293 4307 1507 4369 instituciones
1528 4318 1625 4390 queat
1643 4311 1672 4371 in

178 4386 292 4448 Tereia
314 4393 370 4465 est,
393 4394 427 4448 ut
448 4388 557 4468 siquis
579 4387 658 4448 sorte
679 4406 735 4468 per
752 4387 884 4467 aliquem
907 4405 976 4466 pro·
1019 4387 1110 4468 sigilli
1132 4388 1229 4448 nostri
1247 4390 1440 4468 appensione
1460 4410 1531 4453 essa
1552 4392 1672 4455 decrevi

179 4476 308 4532 vocatus
332 4476 386 4530 aut
404 4469 506 4532 ebrius
528 4468 580 4529 vel
600 4470 731 4531 naturali
754 4471 857 4533 lurore
877 4471 975 4551 reple·
1018 4469 1182 4531 borandas.
1213 4470 1279 4531 Hec
1300 4478 1403 4533 sutem
1425 4475 1542 4555 scripta
1561 4483 1636 4537 sunt
1654 4492 1672 4537 s

1018 4553 1091 4613 mini
1114 4552 1277 4615 millesimo
1300 4554 1515 4619 ducentesimo
1538 4557 1672 4619 tricesim

1483 4640 1672 4721 ninom*

178 4758 345 4829 „Chasella,
363 4760 519 4828 chessslls,
539 4761 665 4825 Cassela,
685 4760 809 4827 Cassele,
831 4760 938 4813 Cosle.“
1016 4719 1080 4780 ¹4⁰⁰
1103 4720 1256 4781 mmm
1272 4729 1379 4783 ¹¹⁰⁸l¹⁰
1393 4721 1498 4785 Vil¹i⁰⁰
1519 4725 1552 4785 in
1572 4722 1667 4787 cub

230 4831 263 4898 2)
285 4833 381 4886 Caesel
398 4849 456 4884 war
468 4832 664 4902 ursprttnglieh
678 4835 722 4885 ein
732 4831 899 4901 Konigshol,
918 4830 973 4882 und
1016 4801 1131 4862 ⁸¹²¹lb¹¹⁸
1154 4802 1219 4882 lll⁸r
1247 4804 1406 4883 Berwieo,
1433 4805 1578 4870 Ollflffid0
1600 4790 1672 4871 (1θὶ1

178 4901 266 4956 hsisst
284 4903 370 4958 daber
394 4906 423 4956 in
448 4903 501 4957 den
521 4904 711 4958 Documenten
733 4903 782 4956 des
802 4904 832 4956 ll.
853 4901 909 4954 nnd
928 4902 972 4954 lll.

176 4973 267 5027 Jhdts.
286 4982 353 5029 stets
373 4976 493 5043 „curtis“
513 4974 582 5029 oder
599 4976 712 5046 ἣνίΙΙει.ιι
738 4977 853 5026 tietmar
871 4975 908 5026 ist
923 4972 973 5027 der

176 5044 269 5114 Erste,
298 5047 419 5101 welebsr
445 5062 501 5103 von
529 5048 607 5103 siner
635 5048 787 5114 „civitas
816 5044 972 5100 Osssalun“
1085 5050 1114 5114 5)
1134 5050 1263 5101 ductent.
1283 5052 1471 5118 „prsesenti“.

176 5117 289 5189 sprlcht.
1085 5120 1118 5185 6)
1139 5122 1361 5190 1topp„nolens.

231 5187 264 5259 8)
285 5186 384 5259 „Circa
407 5205 511 5244 sunum
539 5190 637 5248 11o0‘t
674 5190 798 5257 Arnotd,
829 5187 902 5244 Diss.
927 5191 971 5245 cit.
1085 5193 1116 5253 ll
1139 5192 1296 5248 Vtslleieht:
1320 5193 1480 5252 considens.

177 5259 614 5409 ”summ
1015 5263 1672 5412 ..annueretur-*e

234 4688 266 4756 1)
288 4689 407 4743 Wsitere
438 4688 623 4742 urkuudlicbs
644 4688 875 4742 Namenssormen
899 4687 974 4740 sind:
1016 4636 1207 4716 prinmpam
1244 4636 1341 4700 1108111
1370 4657 1454 4701 “⁰¹¹⁰
