3548 5826
819 287 911 349 Clare.
1621 287 1686 363 Μ

10 468 21 527 q
130 451 227 528 1242,
268 450 351 532 Apr.
376 451 426 515 25.
480 448 560 510 (irai
586 447 760 510 Dietricb
782 447 846 510 Vll.
894 445 1076 531 [percipiat]
1107 448 1192 509 nullo
1223 447 1464 512 contradicente.
1508 452 1596 515 Etsi
1615 454 1686 514 totis

51 553 108 592 ron
136 531 232 593 Cleve
267 532 335 594 und
365 532 474 594 descen
502 532 747 612 Erstgeborener
773 532 847 611 glei-
891 536 1035 593 decedens
1058 551 1163 608 eurtum
1192 536 1238 593 uel
1258 550 1349 608 equos
1378 543 1407 594 et
1435 552 1519 594 ormo
1546 536 1687 598 bobum't

54 617 126 676 eben
140 615 279 677 Namens
302 616 460 678 verleiben
483 614 542 676 den
558 616 691 696 Burgern
714 617 744 676 in
767 615 848 675 ihrer
890 626 918 675 et
946 620 1116 692 reliquerit,
1139 617 1232 689 lrujus
1259 634 1353 692 epum
1373 622 1478 679 metior
1499 627 1528 678 et
1548 637 1635 681 sumo
1654 623 1685 681 ia

56 698 138 759 snos
160 698 255 760 Gleve
279 701 374 760 einen
391 699 538 759 Guaden-
560 698 621 758 und
645 698 846 775 Rechtsbriel,
890 705 985 760 torum
1007 704 1169 761 mansionis
1196 702 1270 760 dicti
1290 700 1440 776 defirrrcti,
1470 703 1553 775 quod
1572 704 1685 765 theuto·

57 784 161 843 denseo
183 781 290 843 lnbalt
311 782 378 843 sich
399 783 454 844 aul
470 782 520 843 die
542 780 845 861 Geblttts-Erbiolge3
890 787 955 843 nice
988 803 1025 859 up
1056 786 1111 841 der
1143 800 1221 843 ruere
1249 787 1374 857 dicitur,
1406 786 1610 848 rennuerunt.
1653 785 1685 847 si

59 865 100 927 lie
122 865 312 948 Baetratung
331 867 481 947 gewisaer
503 865 682 945 Vergelren,
711 872 847 924 narrent·
893 865 972 926 sorte
995 865 1094 925 nullus
1118 865 1232 927 ibidem
1252 867 1343 927 suerit
1363 866 1452 927 ireres
1474 866 1644 947 legitimus,
1666 888 1687 929 a

60 948 111 1009 liclr
141 948 198 1008 der
224 968 265 1009 an
288 948 453 1029 Festtagen
486 948 686 1028 begangcnen
717 947 851 1008 Gewait
895 949 996 1008 villico
1025 958 1132 1009 nostro
1155 949 1255 1027 spatio
1285 950 1373 1009 unius
1396 950 1467 1009 enni
1489 960 1521 1010 et
1541 970 1597 1012 aex
1618 970 1686 1031 sep·

60 1033 177 1106 liutem
205 1031 256 1093 die
285 1032 450 1112 Belrciung
480 1030 535 1091 der
558 1031 674 1111 Burger
701 1050 762 1091 von
793 1030 851 1091 den
895 1033 1016 1092 timonis
1038 1031 1191 1093 hereditas
1215 1031 1349 1092 defuncti
1371 1042 1584 1112 conservetur,
1605 1034 1684 1097 inira

60 1114 274 1191 Rbeinztillen,
297 1114 368 1176 dem
386 1114 551 1175 Personal-
574 1113 853 1185 nndRealerreste,
897 1114 1049 1183 (dictum)
1085 1117 1246 1175 terminum
1270 1117 1436 1193 requirenti
1465 1125 1496 1177 ct
1518 1116 1685 1179 secundum

60 1197 254 1279 derIsadung
270 1217 310 1258 an
328 1199 513 1278 anamartige
530 1197 676 1257 Gerichte
698 1197 759 1256 und
783 1196 851 1256 dem
891 1200 968 1276 juris
996 1200 1123 1258 sormam
1148 1197 1289 1277 probanti
1318 1199 1513 1278 assignanda.
1557 1198 1590 1261 Si
1611 1219 1686 1262 vero

61 1280 241 1341 luktzolle
263 1281 321 1342 aul
338 1281 420 1341 allen
443 1280 655 1340 inliiudiscben
678 1279 853 1340 Jclrrmttrk-
896 1281 998 1340 nullus
1026 1280 1115 1340 heres
1146 1280 1247 1341 medio
1270 1288 1409 1361 tempore
1431 1283 1618 1362 requisierit,
1646 1282 1685 1345 ed

60 1376 119 1442 ten,
154 1363 207 1424 die
236 1362 411 1424 Ausculrme
445 1382 538 1424 ncuer
565 1363 682 1443 Burger
713 1362 773 1422 und
805 1362 854 1422 die
897 1365 1018 1424 comitis
1057 1364 1224 1423 dominium
1260 1365 1317 1442 [ud
1344 1368 1503 1426 doorinium
1532 1363 1683 1449 nosmet]

59 1448 220 1527 llelugniaa
242 1445 298 1506 der
320 1448 624 1527 Aulgenommenen,
648 1446 761 1506 binuen
784 1445 854 1505 lali·
897 1446 1087 1507 devolvetur.
1121 1447 1277 1507 Adicimus
1299 1448 1407 1523 edam,
1429 1457 1462 1507 ut
1481 1449 1591 1528 siquis
1612 1448 1689 1511 laria

58 1529 173 1591 tuimet
193 1528 256 1591 deu
279 1528 434 1591 Wobnort
456 1529 573 1589 wieder
593 1550 629 1589 nu
652 1529 784 1606 tndem,
805 1529 855 1589 die
897 1539 996 1606 sexta,
1019 1529 1147 1591 sabbato
1170 1550 1224 1590 seu
1247 1531 1297 1591 die
1318 1530 1473 1592 dominico
1495 1538 1549 1593 aut
1568 1530 1620 1595 die
1640 1551 1688 1593 ce·

59 1610 295 1694 Verptlicbtung
317 1612 373 1673 der
394 1611 646 1693 Stadtgenreiude
671 1632 738 1673 zum
762 1612 855 1671 Heer·
898 1614 973 1673 iebri
993 1632 1100 1673 manus
1123 1614 1152 1672 in
1169 1612 1301 1691 aliquem
1320 1614 1609 1693 irriseritviolentaa,
1631 1635 1687 1697 pro

58 1696 177 1757 decute
211 1695 273 1757 und
316 1696 365 1757 bei
397 1695 646 1775 Ausbeirathung
682 1695 856 1756 furstiicber·
899 1696 951 1757 tali
980 1695 1060 1755 laeto
1096 1697 1202 1775 viginti
1231 1703 1349 1776 septem
1377 1696 1495 1758 solidos
1522 1716 1685 1778 parvorum

57 1779 192 1841 Tuehter
212 1798 267 1840 zur
287 1779 433 1859 Leiabsng
455 1780 540 1839 einer
562 1778 731 1853 Beisteucr,
754 1798 854 1858 gagen
898 1779 1091 1840 denariorum
1115 1799 1170 1858 pro
1195 1787 1335 1858 tempore
1363 1781 1512 1841 usualium
1535 1782 1565 1841 in
1587 1782 1689 1862 gratie

57 1860 301 1944 mauruntus
339 1862 429 1923 lreier
459 1860 605 1923 Wasser-
638 1860 698 1921 rrnd
733 1860 856 1921 Weide-
899 1870 1005 1923 nostru
1027 1863 1199 1943 persolvat,
1233 1864 1358 1942 privatis
1388 1883 1461 1923 vero
1491 1863 1598 1927 diebus
1626 1874 1687 1927 nes

58 1945 220 2026 liutem,
253 1944 313 2006 den
348 1944 520 2005 Grundnins
559 1964 620 2007 von
651 1945 711 2005 den
741 1944 855 2004 Heerd-
899 1945 1111 2006 solidandictc
1132 1953 1265 2006 monete.
1293 1945 1433 2006 Getarum
1457 1948 1572 2026 siquis
1593 1947 1685 2009 ulium

58 2036 190 2107 susten,
229 2027 279 2090 die
312 2028 509 2110 Auletellung
548 2029 633 2088 eines
664 2027 852 2088 stadtiscben
898 2029 1018 2109 gladio,
1042 2028 1167 2105 larices,
1200 2028 1325 2090 cultello
1354 2038 1409 2090 aut
1440 2029 1545 2109 aliquo
1566 2030 1685 2093 letifero

59 2112 200 2174 Richtern
223 2111 287 2173 und
309 2111 360 2172 die
382 2110 609 2172 Sclrbffenwabl
634 2110 763 2173 bezieht.
795 2111 853 2172 Lo-
897 2114 1098 2172 instrumento
1140 2110 1258 2189 leserit,
1295 2118 1418 2175 centum
1454 2112 1572 2175 solidos
1605 2113 1686 2175 dicte

59 2199 198 2273 muter,
227 2195 341 2257 UBuoh
371 2193 424 2254 Bd.
448 2195 474 2254 ll
495 2194 545 2254 Nr.
564 2198 625 2258 too
652 2193 682 2256 S.
708 2197 782 2272 136,
805 2198 854 2258 37.
898 2204 1024 2255 monete
1052 2196 1204 2273 ingratia
1227 2195 1520 2274 nostrapersolvat.
1560 2196 1638 2259 ltem
1660 2198 1685 2259 si

64 2279 148 2360 {ng
172 2284 265 2339 uuter
285 2299 329 2340 m:
353 2279 397 2356 2.]
898 2279 964 2357 quis
986 2278 1118 2356 aliquem
1143 2278 1327 2339 mutilaverit
1349 2277 1397 2338 vel
1419 2279 1581 2358 occiderit,
1601 2278 1686 2341 dinti-

12 2358 33 2421 '2
140 2362 242 2435 ltus,
263 2362 374 2423 lami.
403 2360 482 2421 Grai
499 2360 651 2420 Johmm
675 2379 736 2419 von
760 2359 855 2420 Clevc
898 2362 996 2421 dietus
1020 2361 1169 2421 bonurum
1192 2360 1281 2421 cedat
1297 2361 1413 2424 (inmiti.
1462 2365 1598 2441 [itemst
1618 2368 1687 2440 quis

61 2442 640 2522 caesennasvorstehenderriviteg
655 2443 854 2523 mit-einigen,
898 2449 1026 2520 ntiquom
1048 2464 1153 2519 rourum,
1173 2447 1251 2520 prede
1272 2449 1472 2523 truncaverit,
1501 2449 1589 2507 simili
1604 2465 1685 2524 penu

61 2526 232 2589 besondera
263 2527 319 2587 das
348 2526 572 2607 Heergcrttthe,
604 2526 654 2585 die
683 2525 775 2585 Wahl
801 2525 856 2585 der
894 2526 1069 2608 producut]
1102 2532 1214 2601 Siquis
1229 2546 1298 2589 uero
1321 2532 1446 2603 aliquem
1467 2531 1687 2609 ceciderintue

61 2610 216 2689 Scbttffeu,
238 2609 294 2671 des
308 2609 504 2671 Frolmboten
523 2608 586 2671 und
608 2610 663 2669 der
672 2608 854 2669 Geschwor·
896 2615 1048 2672 torruiciriu
1071 2615 1240 2687 occidetur,
1264 2621 1291 2671 rt
1312 2615 1452 2673 medietas
1474 2617 1617 2675 tonorum
1638 2635 1685 2676 su·

61 2714 137 2771 neu,
160 2693 286 2755 endlicb
309 2693 358 2754 die
377 2692 544 2773 Erbebung
567 2694 652 2753 einer
674 2693 783 2756 Aueiae
805 2693 854 2752 be·
898 2714 980 2754 orum
1004 2699 1250 2755 durniur'ouostro
1272 2700 1301 2756 iu
1316 2698 1418 2769 protus
1435 2699 1601 2773 deputetur.
1625 2697 1685 2757 Vc-

63 2776 231 2839 treffenden
254 2777 405 2838 Zusttzen
434 2776 494 2835 und
527 2776 582 2836 mit
602 2776 775 2856 Beilttgung
800 2775 854 2835 des
898 2779 996 2837 tumus
1019 2778 1111 2838 etiam
1138 2798 1246 2838 orrrnes
1277 2787 1460 2841 mercatores
1483 2779 1611 2860 predicti
1633 2800 1686 2862 op-

63 2860 306 2940 Veraprecbens,
338 2859 388 2921 die
409 2860 525 2940 Burger
547 2859 665 2919 Clevc's
694 2859 742 2918 bei
772 2858 852 2919 aileu
896 2861 958 2940 pidi
981 2862 1077 2921 nostri
1097 2863 1197 2939 [opidi
1216 2863 1375 2940 vienensis]
1400 2882 1455 2943 per
1471 2863 1591 2924 alveum
1608 2864 1686 2925 Rani

63 2945 146 3007 ibren
162 2942 348 3018 Freibeiteu,
369 2943 506 3005 Reclrien
524 2942 584 3001 und
603 2941 852 3003 alteuGewolm-
896 2956 924 3005 et
952 2948 1039 3022 Wuty
1070 2944 1268 3005 aeccudcndc
1297 2946 1345 3006 vel
1374 2944 1592 3008 descendendo
1617 2948 1684 3027 lin)

63 3028 163 3089 butten
186 3027 331 3088 belasseu
353 3047 390 3086 nu
411 3026 537 3087 wellen.
582 3027 750 3088 Lucourbtet
773 3045 798 3087 a.
824 3045 852 3086 a.
896 3029 1009 3088 uostris
1037 3028 1171 3088 terminis
1199 3031 1334 3089 u'ctutcu
1355 3028 1470 3108 Orsoy,
1500 3029 1686 3107 Smitbuaen,

64 3112 98 3173 0.
119 3108 178 3171 Bd.
196 3109 237 3171 lll
264 3110 317 3170 Nr.
331 3111 389 3173 451
421 3109 542 3187 8362,
565 3111 613 3173 63.
657 3109 782 3188 Ausnug
805 3109 853 3168 bei
895 3111 1037 3189 Huissen,
1061 3110 1220 3190 Nymegen
1237 3122 1265 3171 et
1286 3116 1317 3173 in
1338 3116 1420 3189 locis,
1442 3115 1493 3173 ubi
1506 3115 1589 3174 dictu
1603 3116 1687 3175 tteo-

65 3197 191 3271 rampe
213 3213 243 3255 a.
265 3214 293 3253 a
319 3191 355 3253 0.
378 3198 458 3255 nrt
482 3190 512 3253 S.
526 3197 575 3255 23.
895 3199 976 3256 lunio
988 3198 1018 3253 iu
1042 3194 1176 3265 furtiuum
1191 3205 1334 3271 poteruut
1348 3215 1399 3255 seu
1419 3200 1576 3272 corruperit
1587 3207 1686 3259 truns-

141 3276 207 3338 Der
232 3275 451 3337 Dietricb'sclre
478 3274 675 3335 Recirtsbriel
706 3275 759 3334 mit
793 3273 852 3333 deu
892 3282 983 3354 pum,
1012 3296 1031 3335 a
1059 3277 1176 3337 telonio
1209 3277 1339 3339 liberari.
1387 3278 1553 3340 statuimus
1582 3280 1685 3358 edum,

63 3360 312 3439 Abtnderungen
344 3360 405 3418 und
433 3358 685 3438 Erweiternngen
721 3357 775 3417 des
800 3357 851 3417 ,lo
896 3370 929 3421 ut
951 3359 1050 3420 nullus
1072 3362 1101 3419 in
1122 3361 1258 3421 terminis
1279 3362 1391 3423 nostris
1409 3382 1558 3441 personas
1580 3381 1685 3427 eorum

63 3441 270 3504 banneiscben
294 3442 391 3502 lautet
413 3441 551 3517 aber*):
900 3445 1080 3521 [burprrrsrs
1107 3455 1227 3504 nostros
1250 3446 1412 3522 Clirrenses]
1438 3445 1488 3505 vel
1516 3465 1566 3507 rec
1591 3448 1687 3525 [bono

142 3525 198 3602 „ln
214 3526 338 3587 nominc
360 3534 468 3585 sancte
490 3533 522 3585 et
538 3523 693 3584 individue
710 3522 853 3582 trinitatis
895 3546 997 3587 eorum
1032 3537 1086 3585 utut
1106 3528 1170 3605 rus]
1209 3527 1421 3608 obligaretur
1446 3541 1686 3610 arrestureprc·

67 3609 212 3689 [domini]
245 3626 346 3669 amen.
407 3607 472 3669 Nos
503 3606 713 3668 Theodericus
747 3623 852 3665 eomes
896 3618 1010 3685 suumn
1046 3610 1130 3688 qurui
1160 3611 1184 3669 si
1215 3612 1282 3689 quis
1314 3613 1468 3672 arnonem
1502 3620 1611 3674 eontra
1631 3632 1685 3674 eos

63 3692 214 3754 Glivenais
235 3700 267 3751 et
279 3690 490 3752 Theodericus
513 3691 592 3750 filius
614 3697 720 3749 noster
741 3689 851 3768 primo·
899 3697 968 3773 [sod
987 3698 1013 3753 si
1027 3697 1094 3768 uiris
1116 3704 1222 3753 curutru
1244 3712 1294 3754 eris
1308 3697 1511 3773 orcusionem]
1536 3694 1685 3775 babuerit,

62 3777 183 3856 genitus
205 3783 311 3836 notum
340 3793 409 3835 csse
432 3773 574 3834 volumus
599 3775 678 3852 [Nos
698 3774 853 3833 tonsores
894 3778 934 3838 ad
956 3777 1069 3838 dictum
1089 3776 1246 3856 oppidum,
1265 3781 1316 3858 jus
1339 3777 1430 3838 civile
1446 3778 1560 3840 ibidem
1580 3787 1685 3859 pontu·

62 3878 157 3923 coner
174 3858 583 3935 Cliuemisnoturnsurimus]
602 3855 743 3915 omnibus
769 3853 851 3936 [uni-
895 3861 1010 3922 laturus
1041 3870 1072 3920 et
1092 3869 1284 3941 accepturus,
1312 3860 1471 3939 adveniat,
1505 3866 1685 3940 uitiatione

61 3940 170 4025 raam]
201 3960 330 4022 presens
352 3942 495 4020 scriptum
519 3941 702 4020 inspecturis
728 3942 853 4017 [virtuts
891 3949 1081 4022 promiserint
1108 3955 1161 4004 urrt
1180 3949 1400 4024 promisissent,
1428 3963 1484 4020 que
1506 3954 1613 4009 contro
1633 3964 1686 4010 eos

61 4038 89 4087 et
106 4022 295 4107 audituris],
325 4024 405 4103 quod
434 4023 496 4084 tide
518 4023 590 4084 data
623 4032 654 4083 ct
675 4026 851 4102 juramento
895 4033 1059 4089 testimonio
1072 4031 1262 4088 scabinorum
1281 4039 1423 4104 poterunt
1440 4033 1616 4107 approbari,
1635 4051 1684 4092 su·

63 4111 188 4189 prestito
211 4104 355 4169 omnibus
382 4106 584 4188 burgensibus
610 4107 722 4166 nostris
746 4106 775 4165 in
801 4126 853 4184 op·
890 4131 948 4189 ,ner
970 4115 1078 4187 quilius
1101 4116 1215 4184 socient
1240 4115 1273 4172 id
1294 4116 1376 4187 quod
1394 4114 1451 4186 jus
1478 4116 1636 4175 dictaverit
1656 4124 1685 4175 et

64 4192 133 4273 pido
154 4203 264 4253 nostro
288 4190 375 4252 Clive
402 4188 520 4272 [Olore]
546 4190 711 4261 mansuris,
741 4190 802 4248 ami
818 4207 852 4247 ·0·
895 4200 1040 4257 sententio
1061 4198 1261 4256 scultiuorum.
1291 4194 1322 4254 si
1344 4197 1500 4274 quievero
1517 4204 1606 4258 extra
1627 4203 1683 4259 tse-

64 4296 124 4339 rurn
146 4284 323 4337 onustorum
349 4284 425 4350 (ex)
450 4273 599 4351 coneilio,
633 4272 725 4332 talem
749 4290 785 4331 00
824 4293 853 4330 u·
898 4280 996 4339 minos
1020 4286 1142 4339 nostros
1165 4277 1365 4357 ipsoslederc
1383 4281 1611 4359 presumpserit,
1632 4298 1685 4341 eor

66 4360 149 4421 limus
181 4357 370 4432 libertatem,
402 4365 435 4416 ut
462 4356 533 4416 dum
563 4357 695 4434 aliquem
719 4356 802 4434 ipsos
897 4384 951 4442 pro
982 4361 1107 4423 modulo
1137 4369 1242 4421 nostro
1271 4360 1479 4423 defendemus.
1524 4361 1683 4425 Concessi-

10 4516 12 4521 ,
66 4446 136 4506 mori
160 4441 341 4520 contigerit,
362 4441 520 4520 proximus
542 4441 599 4500 sibi
623 4439 704 4499 linea
724 4456 853 4501 consuo·
897 4465 963 4505 mus
985 4446 1077 4505 ctiam
1101 4444 1189 4506 dictis
1203 4449 1313 4506 uostris
1324 4444 1526 4526 burgensibus
1548 4444 1588 4507 ad
1610 4466 1683 4508 nun·

66 4526 218 4606 quiritatio
241 4523 443 4585 hereditatem
472 4524 567 4605 ipsius
589 4523 684 4584 libere
705 4522 854 4602 percipiet
896 4528 983 4590 dinae
1011 4529 1211 4589 terminorum
1238 4537 1411 4589 nostrorum
1439 4527 1582 4590 euntibus
1600 4546 1621 4591 a
1642 4538 1684 4593 ta-

897 4613 981 4674 lonio
1000 4611 1120 4672 liberari
1139 4609 1320 4694 [tibertoriJ.
1364 4612 1564 4674 Decrevimus
1579 4612 1683 4692 edam,

897 4704 930 4756 ut
950 4695 1065 4755 nullum
1088 4695 1146 4756 nisi
1168 4692 1299 4756 edocto
1324 4695 1389 4757 dics
1418 4696 1477 4774 [nd
1497 4715 1587 4759 tenura
1607 4715 1682 4760 nen·

128 4806 163 4879 ⁸)
183 4809 224 4861 nn
256 4805 477 4876 nrehsolgenosn
508 4804 655 4857 intrusus
692 4800 776 4856 uirus
807 4801 855 4854 uer
895 4777 971 4876 serra]
1014 4779 1411 4875 examinatumvreeipism,
1437 4779 1468 4839 in
1504 4778 1683 4876 mnarum

70 4876 130 4935 Text
140 4900 166 4934 v.
180 4880 251 4936 1242
262 4879 306 4931 dic
318 4877 493 4948 Grundlege3
512 4875 854 4943 dieribr'indcrungen
896 4870 968 4924 rtem
992 4860 1124 4922 utnulla
1142 4880 1295 4941 mancipia
1311 4862 1412 4922 servuli
1429 4863 1608 4925 conditione
1628 4883 1682 4926 no·

71 4952 206 5009 halus
232 4955 272 5004 im
300 4951 371 5003 Priv.
398 4967 422 5003 r.
455 4949 520 5005 1348
548 4949 603 5001 sunu
638 4948 683 5001 die
707 4947 855 4999 Zusutne
897 4947 943 5007 bis
966 4946 1143 5021 attinentia,
1173 4953 1226 5005 arri
1252 4945 1372 5023 aliquos
1394 4945 1556 5008 advocatie
1576 4954 1682 5011 nosne

71 5023 111 5081 lu
135 5028 266 5079 temeret
294 5022 355 5075 ⁸le
383 5021 469 5075 duret
490 5020 698 5083 Curtit'whfllb
722 5021 787 5087 jeus
806 5021 857 5070 mit
896 5031 1099 5109 pertinentes,
1130 5034 1182 5087 aut
1210 5028 1334 5088 vasallis
1361 5037 1414 5088 aut
1436 5030 1682 5092 ministerialibus

72 5092 403 5167 ffiuoelnllunttstisshwr
428 5095 503 5148 “³0⁸⁰
531 5092 603 5146 ⁰h¹¹0
622 5091 730 5160 ⁵⁰¹⁰¹¹⁶³
759 5091 856 5142 kennt·
896 5113 1008 5173 nostris
1035 5129 1086 5170 sou
1114 5114 1337 5186 uiribuscuuquc
1364 5116 1429 5172 otiis
1455 5117 1555 5175 seruili
1576 5117 1683 5176 condi·

73 5166 116 5292 l?
143 5167 267 5293 ”cffi-
285 5165 478 5291 ,flllelgjlnsffi
496 5164 764 5290 Ἦξιοΐὲῖξιῖῑῗοξξθ
779 5162 855 5289 {³3¹2}
897 5200 975 5256 tione
992 5196 1167 5271 attinentes,
1188 5193 1246 5252 nisi
1269 5191 1308 5254 de
1321 5198 1475 5255 communi
1497 5203 1558 5256 tem
1576 5208 1684 5260 nnstm

10 5306 12 5335 ²
73 5308 381 5381 monstrumque
410 5308 548 5365 unsuuer
570 5308 665 5362 Worte
692 5304 753 5361 sind
779 5306 856 5359 nicht
896 5299 987 5360 (luam
1009 5296 1113 5339 e⁰f¹¹¹¹¹
1137 5275 1301 5360 [ll’fflrl‘ml
1327 5278 1484 5341 V⁰l¹¹¹¹l⁸²0
1505 5274 1683 5361 admi“Ulli

74 5383 228 5457 ...flu
244 5379 371 5440 vom.
896 5362 935 5428 ab
965 5362 1048 5426 omni
1075 5361 1239 5427 exacdone
1266 5365 1480 5447 modumque,
1510 5367 1601 5433 stiam
1625 5370 1681 5431 rut
