3548 5826
269 257 335 326 744
1003 240 1207 300 Dmtrclrbrod.
1281 248 1284 253 “

271 431 328 497 pro
349 409 534 484 interiecto,
569 411 632 466 tres
653 420 773 464 marcas
794 400 917 478 solvat,
937 402 1069 464 inimicis
1110 398 1205 462 tribus
1225 395 1357 480 ydoneis
1379 396 1508 461 testibus
1528 396 1602 461 loco
1625 398 1727 480 ipsius
1769 427 1774 454 ;

272 498 372 580 primo
395 491 534 574 placatis.
557 487 588 550 Si
610 491 713 549 autem
727 483 837 564 aliquis
858 506 913 567 pre
925 485 1070 566 superbia
1110 484 1163 549 bit.
1185 482 1247 546 Sed
1267 484 1334 564 ipse
1358 483 1466 544 melius
1488 482 1676 563 approbabit
1715 503 1763 544 su

272 578 376 642 duello
399 595 433 636 ss
460 591 610 634 excusare
631 569 764 631 voluerit
794 576 825 630 et
861 569 900 630 ad
931 589 1069 652 pugnan-
1110 568 1242 629 centiam
1264 567 1444 645 mettertius,
1467 585 1558 646 quam
1581 568 1683 646 possit
1707 587 1770 629 con

274 664 345 725 dum
368 658 514 720 circulum
535 655 710 730 intraverit,
733 659 864 732 quatuor
886 671 1023 733 marcas,
1044 653 1071 714 si
1195 654 1242 717 10.
1267 651 1341 711 ltem
1376 652 1402 712 si
1431 650 1498 730 quis
1530 650 1665 730 aliquem
1703 652 1774 712 vul

272 742 387 824 aliquid
410 740 601 821 pugnaverit,
625 738 758 817 quinque
779 755 898 798 marcas
920 735 1005 798 dabit
1021 739 1069 818 ju·
1110 736 1245 816 quinque
1262 743 1314 795 aut
1336 753 1392 795 sex
1414 733 1600 812 vulneribus,
1622 733 1694 795 solo
1719 741 1767 796 ta·

275 828 346 904 diei,
367 824 497 886 inimicis
520 824 618 905 primo
642 820 780 901 placatis.
1111 820 1172 881 ello
1194 817 1409 898 respondebi13
1440 837 1496 899 pro
1527 818 1595 878 aliis
1627 818 1769 880 vulneri·

357 912 386 973 5.
409 909 483 968 ltem
504 906 555 985 qui
578 902 710 984 aliquem
723 902 928 963 vulneraverit
945 903 994 963 vel
1006 901 1071 963 vul·
1111 900 1311 984 respondebit
1325 905 1511 981 juramento.
1535 900 1565 962 Si
1580 905 1695 981 autem·
1711 922 1771 984 pro

275 1010 385 1055 narare
407 989 548 1065 voluerit,
572 991 604 1049 et
625 986 678 1048 ille
697 1007 715 1048 e
737 988 889 1046 contrario
912 1005 946 1046 se
968 985 1071 1046 defen·
1111 985 1287 1048 vulneribus
1308 984 1359 1046 alii
1380 984 1594 1066 inculpamur,
1628 993 1708 1065 quot
1744 1006 1760 1048 s

275 1073 377 1137 dendo
410 1073 543 1152 aliquem
574 1069 781 1131 vulneraverit
801 1076 854 1130 aut
873 1069 1070 1147 interfecerit,
1111 1090 1198 1149 sone,
1223 1077 1267 1132 tot
1289 1068 1397 1129 duellis
1421 1067 1662 1148 respondebunt.

277 1165 357 1220 teste
378 1156 503 1238 ydoneo
525 1155 648 1234 hospite
670 1153 800 1214 civitatIs
833 1151 882 1212 vel
904 1151 972 1212 aliis
994 1152 1070 1214 duo·
1196 1153 1340 1217 11.1tem
1363 1153 1388 1211 si
1411 1152 1758 1232 quisquerimoniamp

276 1242 334 1303 bus
357 1238 473 1300 civibus
496 1238 569 1297 viris
595 1235 748 1316 ydoneis,
785 1253 847 1295 non
876 1235 1069 1314 judicabitur.
1112 1236 1192 1298 cidio
1216 1237 1364 1311 moverit,
1396 1234 1566 1314 primodie
1588 1236 1769 1295 incusatum

276 1324 310 1386 Si
331 1331 435 1384 autem
467 1320 520 1380 ille
553 1319 701 1399 superbus
734 1318 818 1378 illum
853 1318 1070 1397 vulneraverit,
1113 1317 1380 1398 mabit3secuudo
1402 1317 1587 1398 diejudicii,
1610 1320 1727 1378 sinon
1772 1348 1774 1370 .

276 1407 438 1469 convictus
460 1422 552 1463 manu
569 1401 772 1479 truncabitur,
795 1402 821 1461 si
847 1409 949 1463 autem
979 1402 1070 1462 inter·
1111 1405 1159 1481 rit,
1181 1401 1289 1464 iterum
1312 1420 1381 1462 eum
1404 1400 1625 1482 proclamabit,
1647 1409 1680 1462 et
1704 1421 1774 1481 pro

274 1490 392 1567 iecerit,
416 1484 628 1548 decollabitur.
656 1484 798 1546 'lestibus
821 1493 922 1545 tamen
945 1487 1071 1566 premis·
1112 1487 1202 1547 tertio
1225 1484 1275 1546 die
1292 1485 1420 1566 judicii,
1460 1486 1486 1544 si
1515 1503 1579 1546 non
1602 1504 1767 1566 conparue

276 1574 328 1635 sis.
349 1571 482 1633 inimicis
504 1569 644 1649 placatis,
662 1568 759 1649 judici
781 1572 815 1628 ut
835 1586 928 1647 supra
947 1568 991 1646 θ).
1112 1569 1272 1631 scribatur.

359 1655 385 1717 6.
422 1653 497 1713 Item
530 1652 581 1730 qui
616 1651 748 1730 aliquem
776 1669 832 1730 pro
867 1650 1071 1713 defloratione
1195 1654 1243 1716 12.
1264 1651 1340 1712 Item
1369 1651 1394 1712 si
1430 1650 1498 1729 quis
1524 1669 1581 1731 pro
1616 1650 1774 1712 vulnera

276 1738 402 1819 virginis
424 1734 474 1795 vel
497 1734 665 1795 violatione
686 1733 820 1794 mulieris
842 1733 892 1795 vel
909 1735 1070 1796 invasione
1112 1755 1168 1796 suo
1192 1743 1376 1814 conquestus
1397 1733 1497 1808 fuerit,
1519 1734 1610 1794 trium
1634 1734 1757 1796 dierum

277 1821 387 1882 domus
410 1817 460 1878 vel
483 1816 648 1877 homicidio
681 1818 731 1878 vel
752 1834 808 1895 pro
842 1815 899 1876 hiis
922 1818 1070 1879 similibus
1113 1817 1277 1900 optinebit,
1309 1823 1340 1878 et
1367 1818 1392 1878 si
1420 1817 1511 1877 tertio
1542 1816 1592 1879 die
1615 1837 1680 1878 non
1707 1837 1770 1880 con

278 1921 383 1965 coram
404 1899 520 1982 judicio
542 1901 574 1959 in
596 1901 819 1979 querimoniam
832 1902 959 1962 traxerit
981 1908 1012 1962 et
1038 1903 1070 1962 in
1112 1901 1329 1983 proscribetur.

275 1987 374 2067 ipsum
397 1982 551 2064 predictos
573 1983 718 2044 articulos
741 1982 872 2064 probare
898 2003 961 2045 non
983 1991 1068 2065 pote·
1196 1988 1245 2051 13.
1266 1985 1341 2045 Item
1363 1984 1389 2042 si
1412 1983 1479 2062 quis
1491 1983 1685 2064 proscriptus
1708 1985 1762 2045 fue

279 2070 315 2129 rit
339 2067 516 2128 testimonio
539 2065 713 2144 antedicto,
740 2065 838 2147 judici
860 2068 892 2127 in
925 2086 1007 2148 pena
1031 2067 1069 2129 lx.
1114 2070 1185 2130 anni
1208 2069 1338 2148 spatium
1361 2084 1424 2127 non
1447 2064 1635 2128 emendabit
1659 2067 1692 2128 ai
1716 2088 1773 2129 ver

276 2150 445 2211 solidorum
458 2149 637 2228 subjacebit,
658 2149 858 2230 respondenti
880 2151 911 2210 in
925 2171 999 2215 xxx.
1022 2170 1068 2212 so·
1114 2154 1150 2213 tis
1182 2152 1311 2213 inimicis
1333 2168 1414 2211 anno
1437 2158 1592 2210 transacto
1616 2150 1719 2230 judici
1750 2171 1768 2213 e

275 2234 431 2310 lidorum,
466 2231 592 2292 cuilibet
625 2236 797 2312 juratorum
830 2234 861 2294 iu
884 2253 932 2293 xv.
956 2234 1070 2296 solido·
1112 2235 1259 2314 voluerit,
1289 2253 1344 2316 pro
1377 2231 1543 2294 homicidio
1571 2232 1660 2294 dabit
1690 2242 1757 2295 tres

276 2336 342 2378 rum
364 2314 408 2388 ⁴),
453 2315 553 2375 Nichil
575 2315 785 2378 relaxandum.
824 2316 856 2378 Si
880 2326 981 2377 autem
1003 2320 1071 2379 sine
1113 2338 1168 2401 pro
1190 2318 1326 2395 vulnere,
1348 2316 1430 2397 quod
1452 2316 1563 2377 dicitur
1585 2316 1754 2398 lemde,d

276 2399 453 2467 testimonio
476 2400 697 2478 querimoniam
727 2399 932 2480 predictorum
963 2402 1071 2462 articu·
1112 2423 1175 2479 cas,
1197 2421 1252 2484 pro
1275 2401 1401 2462 vulnere
1418 2399 1547 2461 duellari
1569 2419 1665 2461 unam
1689 2422 1774 2463 mas

276 2484 374 2545 lorum
397 2483 464 2562 quis
486 2484 517 2542 in
539 2482 631 2543 alium
655 2484 805 2560 moverit,
827 2484 1019 2566 respondens
1037 2506 1071 2547 se
1113 2488 1186 2547 ratis
1209 2505 1299 2546 unam
1322 2503 1456 2544 mercam
1479 2483 1520 2559 ¹).

276 2586 338 2627 una
366 2585 457 2626 manu
490 2565 689 2647 expurgabit3
720 2573 807 2627 actor
838 2587 961 2648 quoque
994 2569 1071 2630 nulli
1194 2570 1242 2632 14.
1264 2567 1340 2629 Item
1362 2568 1387 2627 si
1409 2568 1475 2645 quis
1502 2586 1559 2646 pro
1589 2565 1765 2631 homicidio

277 2670 357 2731 pens
379 2648 558 2730 subjacebit.
829 2685 835 2703 ι
1113 2672 1165 2714 sor
1195 2671 1264 2713 esse
1295 2650 1404 2725 debet,
1432 2649 1637 2710 hereditatem
1673 2651 1773 2714 debet

358 2737 386 2799 7.
408 2730 1070 2814 lum2quialiquemvulneraveritvelinter-
1113 2737 1237 2818 triginta
1258 2753 1425 2795 marcarum
1445 2733 1522 2793 inira
1554 2733 1748 2797 munitiones

275 2816 398 2895 iecerit,
437 2823 468 2876 at
494 2816 599 2897 fugam
627 2816 746 2878 dederit
777 2824 809 2878 et
830 2816 947 2897 judicio
969 2826 1071 2880 astare
1113 2818 1144 2880 Si
1165 2827 1266 2880 autern
1290 2816 1358 2891 ille,
1387 2835 1442 2896 pro
1472 2835 1533 2894 quo
1557 2816 1723 2898 fidejussio
1753 2820 1774 2880 s:

276 2900 429 2974 noluerit,
469 2918 489 2958 a
504 2898 611 2979 judice
633 2899 770 2981 legitime
791 2906 921 2961 vocatus
943 2904 1072 2982 proscri—
1112 2901 1346 2982 subterfugerit,
1389 2899 1551 2979 fidejussor
1589 2901 1733 2981 placabit

275 2984 374 3046 batur.
418 2983 506 3044 Bona
528 3001 602 3043 vero
625 3001 682 3044 sua
703 3001 761 3043 uec
778 2982 875 3063 judex
897 3005 956 3046 nec
978 2987 1071 3066 magi-
1113 3005 1181 3046 oum
1205 2986 1328 3065 triginta
1342 2983 1465 3061 marcis,
1481 2981 1620 3063 judicem
1647 2986 1680 3044 in
1691 2989 1766 3066 quin

276 3074 338 3128 ster
365 3073 491 3127 monete
514 3067 650 3143 auferet,
673 3066 737 3145 sed,
765 3067 791 3126 si
807 3066 907 3128 redire
929 3068 1071 3146 noluerit,
1111 3088 1185 3130 vero
1207 3065 1414 3148 proscribatur
1435 3085 1474 3126 ex
1497 3074 1585 3146 parte
1606 3066 1774 3150 fidejusso

276 3168 357 3211 uxor
379 3153 445 3230 ejus
467 3155 498 3209 et
519 3149 606 3229 pueri
642 3149 689 3210 sui
726 3148 858 3210 venditis
887 3150 976 3211 bonis
1008 3153 1071 3211 suis
1113 3154 1152 3218 68
1174 3152 1225 3216 lin.
1247 3151 1328 3213 4-6
1350 3149 1380 3212 S.
1402 3145 1490 3233 262]

275 3235 374 3314 ipsum
398 3241 572 3312 sequentur.
605 3231 637 3293 si
659 3251 733 3292 vero
757 3251 883 3294 uxorem
907 3239 938 3294 et
958 3253 1070 3315 pueros
1195 3237 1243 3299 15.
1265 3232 1340 3294 Item
1363 3235 1387 3292 si
1409 3234 1476 3311 quis
1496 3231 1688 3314 fidejusserit
1707 3255 1767 3316 pro

275 3336 339 3378 non
363 3315 520 3393 habuerit,
557 3316 688 3395 proximi
717 3314 847 3376 heredes
869 3335 903 3377 se
923 3317 1071 3378 intromit-
1112 3316 1250 3395 duellari,
1273 3325 1304 3377 et
1325 3317 1350 3377 si
1371 3315 1433 3390 ille,
1455 3334 1590 3397 proquo
1613 3316 1768 3400 fidejusse-

278 3406 344 3460 tent
377 3398 416 3460 de
449 3398 539 3460 bonis
571 3399 633 3458 suis
670 3396 786 3477 absque
825 3400 908 3459 omni
940 3401 1069 3480 impedi·
1112 3401 1289 3482 tersugerit,
1321 3399 1484 3471 fideiussor
1506 3398 1645 3479 placabit
1673 3404 1774 3465 inimi

277 3490 392 3544 mento.
438 3480 469 3542 st
491 3489 592 3542 autem
616 3480 744 3542 heredes
767 3500 828 3541 non
851 3482 1010 3563 habuerit,
1032 3484 1071 3545 dc
1110 3482 1216 3545 decem
1240 3485 1357 3557 marcis,
1374 3482 1510 3563 judicem
1522 3503 1596 3544 vero
1620 3504 1695 3546 cum
1714 3487 1772 3550 trib

276 3565 420 3645 predictis
436 3564 525 3626 bonis
539 3563 880 3626 secundumconsilium
897 3569 1070 3646 juratorum
1110 3570 1163 3628 eis.
1208 3568 1239 3629 si
1262 3568 1448 3648 proscriptus
1468 3565 1570 3627 redire
1591 3568 1749 3648 voluerit,

275 3649 456 3732 disponatur
476 3649 520 3726 ⁶).
1110 3657 1235 3728 statuto,
1257 3650 1385 3731 placatis
1406 3648 1537 3713 inimicis
1560 3649 1758 3733 etfidejusso

359 3734 388 3798 8.
410 3731 486 3792 Item
510 3749 600 3792 nemo
623 3728 757 3809 aliquem
779 3729 881 3792 duello
904 3739 1008 3813 potest
1027 3734 1069 3794 in·
1104 3737 1174 3816 jure
1197 3735 1307 3794 civium
1331 3751 1405 3793 sane
1423 3739 1594 3793 revertatur
1615 3736 1665 3811 ⁸).

277 3834 393 3894 casare,
416 3816 474 3876 nisi
490 3815 583 3896 jurati
603 3812 732 3875 viderint
756 3821 907 3875 mortuum
929 3823 982 3876 aut
1006 3817 1069 3877 vul·
1195 3819 1243 3881 16.
1266 3817 1341 3876 Item
1368 3817 1550 3895 quicumque
1582 3835 1697 3897 pacem
1733 3820 1767 3879 in

275 3918 332 3958 nus
356 3895 403 3971 ⁸).
1110 3901 1192 3962 rensi
1213 3899 1394 3976 violaverit,
1417 3918 1507 3959 mauu
1530 3901 1726 3962 truncabitur
1748 3921 1768 3963 a

357 3984 386 4045 9.
408 3980 484 4041 Item
507 3981 531 4040 si
556 3981 623 4059 quis
645 3978 776 4059 aliquem
800 3981 1006 4044 vulneraverit
1038 3990 1069 4044 et
1109 3984 1216 4044 decem
1241 4001 1409 4043 marearum
1432 3981 1617 4063 subjacebit,
1640 3984 1751 4046 habito

274 4066 376 4145 fugam
399 4063 518 4125 dederit
538 4065 567 4123 iu
591 4062 716 4124 domum
739 4063 882 4143 aliquam,
902 4066 1068 4127 amicivul-
1110 4068 1162 4129 nio
1186 4065 1313 4128 duorum
1335 4065 1385 4125 vel
1407 4067 1495 4125 trium
1519 4067 1654 4129 testium.
1692 4068 1742 4129 De

278 4147 378 4208 nerati
401 4146 526 4208 domum
558 4165 619 4207 non
642 4145 799 4206 intrabunt
820 4149 885 4208 sine
911 4149 1017 4229 judice
1038 4157 1070 4210 et
1110 4150 1241 4231 pecunia
1272 4147 1384 4210 cedent
1418 4147 1477 4209 due
1516 4158 1621 4230 partes
1652 4151 1752 4232 judici

271 4231 402 4313 juratis,
424 4228 478 4290 sed
501 4229 611 4290 stando
633 4238 704 4289 ante
726 4228 849 4291 domurn
873 4233 992 4293 mittent
1012 4252 1068 4313 pro
1110 4253 1185 4296 vero
1208 4233 1306 4293 tertia.
1334 4231 1542 4309 [191831121.
1570 4235 1653 4296 1-4
1676 4233 1708 4297 S.
1731 4237 1771 4300 28

271 4312 376 4395 judice
398 4321 430 4374 et
452 4320 581 4392 querant
601 4310 808 4392 fidejussores.
852 4313 937 4391 Quos
958 4318 984 4376 si
1005 4335 1067 4378 non
1194 4319 1242 4379 17.
1265 4316 1339 4376 Item
1372 4315 1397 4375 si
1431 4315 1498 4394 quis
1537 4325 1707 4379 accusatus
1744 4318 1759 4378 i

277 4397 428 4474 babuerit,
445 4395 542 4476 judici
565 4401 765 4475 presentetur.
789 4396 933 4459 Sicutem
955 4400 1070 4461 inimici
1111 4400 1209 4477 furto,
1241 4405 1271 4459 et
1294 4417 1483 4477 conquerens
1506 4399 1606 4478 ipsum
1638 4402 1774 4462 couviu

276 4479 407 4541 eundem
430 4480 461 4540 in
483 4478 576 4540 domo
595 4477 821 4540 vulneraverint
835 4484 1004 4560 temerarie,
1027 4486 1071 4545 rei
1112 4483 1201 4543 luerit
1221 4500 1280 4542 nec
1301 4481 1382 4542 collo
1414 4500 1469 4543 suo
1492 4481 1711 4561 quidquamli
1754 4492 1767 4545 t

276 4571 365 4624 erunt
399 4563 477 4622 sicut
505 4560 543 4622 de
573 4562 734 4623 invasione
756 4562 874 4626 domus.
917 4564 1017 4628 Judici
1038 4575 1072 4629 ut
1107 4565 1255 4646 judicium
1286 4564 1396 4625 ductus
1422 4565 1525 4641 tuerit,
1555 4565 1610 4625 sed
1635 4568 1717 4648 simp
1731 4569 1771 4628 ici

277 4665 378 4728 supra.
402 4646 442 4707 lit
463 4646 489 4705 si
512 4645 574 4721 ille,
597 4648 682 4725 cujus
706 4645 829 4707 domum
845 4649 978 4723 intravit,
1001 4671 1070 4711 eum
1112 4656 1271 4729 queratur,
1293 4648 1390 4728 prima
1410 4649 1477 4708 vice
1498 4649 1660 4711 incusatus
1680 4671 1741 4712 una
1768 4680 1773 4704 s

278 4736 424 4811 potenter
446 4736 498 4789 aut
519 4728 622 4809 aliquo
646 4729 707 4791 alio
730 4729 833 4792 subtili
855 4732 948 4793 modo
967 4753 1071 4795 coram
1112 4734 1225 4813 poterit
1245 4751 1437 4813 expurgarc3
1469 4731 1607 4792 secunda
1629 4735 1702 4796 vice
1722 4736 1753 4795 iu

271 4813 378 4894 judice
400 4811 551 4892 tuebitur,
585 4811 685 4873 donec
719 4813 878 4897 effugerit,
910 4818 1069 4881 convictus
1112 4815 1176 4877 mili
1207 4822 1369 4876 accusatus
1402 4816 1574 4878 mettertiua
1614 4837 1680 4900 exp
1723 4844 1770 4893 22.

310 5039 344 5174 lp)
361 5038 392 5163 ἓ
408 5037 570 5165 ἒὲιῗῃῖᾸη,
590 5110 633 5167 32,
1144 5081 1177 5150 7)
1199 5082 1255 5136 Das
1276 5089 1296 5138 1.
1314 5087 1362 5150 191.
1382 5081 1430 5135 hat
1448 5081 1492 5136 die
1511 5081 1581 5135 Aut.
1600 5083 1710 5141 4-13
1729 5087 1756 5139 ni

310 5183 342 5245 5)
363 5188 402 5235 S,
421 5183 604 5252 diffluum
1102 5153 1205 5222 jedoch
1232 5152 1412 5208 Tomnsctek's
1437 5152 1575 5208 Anmerk.
1608 5154 1637 5209 S.
1664 5157 1733 5228 259ἱ
1766 5164 1774 5202 r

311 5252 343 5320 6)
366 5253 427 5324 Vel·
461 5258 480 5308 Ι·
500 5259 549 5324 lul·
575 5255 611 5312 80
640 5257 690 5310 mit
718 5255 898 5311 Tomasctetr's
931 5259 1065 5314 anmerk.
1107 5226 1169 5296 ²78³
1189 5228 1232 5284 79·

275 5324 303 5379 s·
322 5323 383 5381 285⁶
1140 5328 1172 5395 8)
1196 5328 1256 5398 Vgl
1276 5325 1457 5381 inuasurus
1475 5322 1615 5383 Anmerk.
1635 5329 1665 5384 S.
1685 5329 1744 5396 263,
1768 5336 1774 5375 ὲ

1185 5414 1201 5469 t
