3548 5826
681 332 820 392 emma
1491 340 1555 412 309

78 493 178 575 burgi
200 491 329 555 Brisacb
356 493 415 553 sita
440 496 545 553 nostre
568 491 721 567 cede(u)t
762 493 929 553 conveniri.
972 492 1187 574 Unusquisque
1220 496 1310 556 etiam
1338 516 1443 559 eorum
1477 499 1554 561 liber

78 578 102 655 i,
125 594 337 655 necunquam
366 594 523 657 regressus
545 576 572 635 ei
594 575 624 634 in
647 576 718 635 civi·
762 576 819 635 erit
840 593 922 636 anno
943 575 998 636 illo
1021 574 1152 638 duorum
1175 577 1343 640 solidomm
1367 600 1477 643 census
1499 601 1552 644 no-

78 659 251 736 toncsdetur3
282 657 369 719 linito
397 677 479 719 anno
501 657 630 719 heredes
653 661 718 738 ejus
762 659 830 736 stri,
863 659 913 738 qui
941 658 980 719 ab
1013 659 1154 720 omnibus
1189 659 1390 742 burgensibus
1424 665 1551 745 predicti

78 742 214 824 resjudici
236 750 269 802 et
292 741 398 802 decem
421 741 510 802 nobis
532 741 718 822 persolvent,
761 740 849 821 burgi
879 740 968 802 uobis
990 743 1078 801 anuis
1101 742 1227 823 singulis
1250 744 1405 806 debentur.
1451 752 1477 822 §.
1504 753 1550 812 to.

80 827 137 886 dam
155 824 354 887 reedificandi
376 824 541 885 habebunt.
591 823 622 885 Si
645 843 717 884 vero
761 823 882 903 Siquis
912 823 1105 904 burgensium
1135 826 1211 885 infra
1233 826 1360 908 burgum
1387 830 1436 890 vel
1465 838 1552 891 extra

78 910 134 969 dum
159 911 288 970 veniens
316 927 350 968 se
371 909 567 969 innocentem
598 907 718 986 dixerit,
760 914 895 966 nostram
929 908 1058 987 gratiam
1096 907 1292 988 demeruerit,
1327 932 1388 972 non
1421 932 1489 973 eum
1519 915 1549 974 in

78 991 223 1053 ¹duellum
253 993 414 1052 convictus
436 991 541 1068 fuerit,
569 1009 718 1071 expurga·
759 1009 893 1070 persona
914 989 963 1050 vel
986 990 1076 1050 rebus
1099 990 1300 1065 offendemus,
1323 997 1380 1054 uisi
1402 997 1484 1075 prius
1507 996 1549 1056 le-

78 1078 161 1136 restita
181 1075 260 1136 liber
280 1083 313 1135 et
332 1073 505 1154 indempuis
528 1075 593 1134 erit.
639 1080 665 1147 s.
688 1075 717 1136 2.
759 1073 872 1153 gitinds
894 1072 1022 1132 induciis
1050 1075 1174 1134 citatum
1196 1083 1227 1135 et
1252 1077 1359 1137 ordine
1387 1078 1549 1158 judiciario

78 1176 121 1237 que
145 1160 235 1219 etiam
271 1158 349 1218 hora
381 1159 481 1217 noctis
508 1157 557 1217 vel
591 1157 651 1217 diei
678 1155 717 1216 de
760 1157 933 1215 convictum
961 1156 1008 1215 rel
1041 1157 1224 1220 confessum.
1268 1159 1327 1219 Pro
1356 1163 1455 1241 gratia
1474 1181 1548 1222 vero

78 1241 184 1321 ajudioi
199 1241 493 1321 querimoniafuerit
512 1239 625 1318 oblata,
645 1258 716 1299 con·
759 1250 865 1298 nostra
890 1239 1100 1318 recuperanda
1127 1241 1233 1300 decem
1258 1240 1349 1302 libras
1374 1244 1477 1322 nobis,
1500 1248 1548 1326 ju-

78 1323 145 1402 rdex,
174 1345 230 1405 per
251 1325 384 1383 sonitum
414 1343 629 1404 campanarum
653 1324 715 1382 uni·
758 1321 817 1381 dici
840 1328 916 1399 tres,
944 1323 1038 1397 etei,
1066 1342 1156 1402 quem
1179 1324 1266 1395 lesit,
1300 1333 1360 1386 tres
1383 1328 1548 1406 persolvet.

78 1409 201 1468 trivium
226 1415 414 1484 convocata,
443 1407 605 1488 judicium,
638 1407 717 1466 sicut
758 1403 923 1483 Postquam
954 1423 1027 1464 vero
1059 1407 1156 1466 victus
1190 1407 1238 1469 vel
1263 1410 1421 1469 consessus
1450 1410 1548 1489 luerit,

78 1500 129 1550 tum
160 1498 221 1567 est,
255 1490 347 1551 saciet
375 1490 413 1550 de
440 1491 517 1570 ipso.
564 1496 591 1564 §.
614 1492 642 1553 3.
683 1489 714 1549 Si
757 1488 858 1547 statim
876 1486 974 1568 judex
991 1486 1133 1549 debonis
1156 1490 1272 1550 suisad
1291 1492 1426 1552 valorem
1443 1513 1547 1553 earun-

78 1573 159 1634 ntum
188 1572 341 1635 evadendi
362 1572 516 1634 homicide
539 1573 714 1652 prestiterit,
757 1568 826 1630 dem
855 1569 988 1630 sedecim
1017 1570 1158 1632 librarum
1192 1573 1248 1633 sub
1276 1584 1381 1634 nostra
1409 1574 1549 1637 custodia

78 1655 221 1735 plectetur,
255 1675 317 1736 qua
342 1676 411 1717 reus
439 1655 612 1736 puniendus
640 1663 714 1733 erat,
756 1653 968 1732 sequestrabit.
1022 1654 1163 1715 luducias
1197 1663 1298 1717 tamen
1334 1657 1458 1718 habebit
1491 1677 1547 1739 pro

78 1742 132 1816 loe,
145 1738 240 1821 ‘quod
263 1742 330 1800 siue
379 1739 531 1799 alsatione
553 1758 714 1819 campana
757 1738 974 1816 nostragratia
987 1739 1197 1817 recuperanda
1218 1759 1273 1798 sex
1286 1739 1546 1802 hebdomadarum

80 1822 155 1883 icium
188 1823 226 1884 de
254 1825 323 1903 ipso
351 1759 412 1882 det.
455 1821 544 1908 Quod
576 1823 601 1882 si
630 1822 714 1882 auxi·
756 1826 788 1878 et
808 1821 897 1879 trium
920 1818 1053 1897 dierum,
1077 1821 1185 1899 quibus
1208 1822 1348 1902 expletis,
1370 1826 1395 1883 si
1417 1826 1546 1904 gratiam

78 1906 145 1983 penti
167 1907 337 1987 prestitisse
358 1907 533 1986 negaverit,
557 1905 612 1965 nisi
635 1905 713 1965 simi·
757 1911 890 1962 nostram
915 1921 976 1962 non
999 1903 1088 1964 fuerit
1110 1912 1308 1982 consecutus,
1339 1908 1443 1967 omnia
1464 1906 1547 1968 bona

78 1989 227 2050 duellum
251 1990 410 2049 convictus
431 1989 537 2066 fuerit,
565 2006 713 2068 expurga
755 2004 812 2044 sua
842 1986 873 2044 iu
895 1985 997 2046 banno
1031 1985 1117 2067 burgi
1140 1988 1265 2048 Brisach
1293 1989 1351 2048 sita
1373 1999 1475 2050 nostre
1498 2009 1545 2051 ce·

78 2075 155 2133 estita
173 2072 358 2134 absolvetur.
389 2077 416 2144 S.
438 2073 467 2134 4.
499 2069 530 2131 Si
552 2071 713 2151 quisinfra
755 2067 829 2127 dent
850 2069 1006 2147 potestati.
1049 2068 1139 2144 Quod
1166 2072 1190 2130 si
1208 2070 1305 2149 judex
1332 2072 1459 2152 alicujus
1482 2073 1545 2133 odii

80 2153 155 2237 burgi
168 2156 301 2235 aliquem
312 2153 524 2231 vulneraverit,
534 2174 623 2213 manu
631 2154 712 2234 plec
755 2151 921 2211 occasione
942 2171 976 2211 se
998 2151 1055 2213 sibi
1077 2173 1202 2233 gravem
1219 2153 1384 2214 reddiderit
1406 2175 1423 2215 e
1447 2156 1542 2237 burgo

78 2246 90 2297 t
108 2247 248 2318 tanquam
277 2237 432 2298 homicida
459 2238 526 2297 sine
554 2256 609 2316 spe
627 2237 711 2297 rede·
753 2233 927 2294 recedendo
949 2233 999 2295 vel
1020 2234 1097 2296 alias
1125 2255 1159 2296 se
1181 2236 1405 2316 subtrahendo,
1433 2247 1465 2298 ut
1486 2239 1543 2299 sibi

78 2323 159 2403 burgo
187 2323 334 2402 ejiciatur.
379 2320 410 2381 Si
438 2327 538 2380 autem
569 2320 608 2380 ad
632 2320 711 2401 Judi·
753 2317 878 2377 nomine
908 2325 1013 2377 nostro
1036 2318 1119 2378 dicta
1146 2321 1278 2399 pecunia
1304 2321 1382 2381 inira
1408 2322 1543 2382 debitum

78 2403 118 2465 rod
139 2406 241 2465 souitu
259 2422 474 2484 campanarum
498 2404 576 2463 sieut
597 2402 636 2463 de
658 2403 710 2464 ho·
753 2401 913 2459 terminum
932 2401 1157 2479 consolvetur,
1179 2422 1248 2464 reus
1269 2405 1365 2483 ipsam
1381 2406 1542 2484 pecuniam

80 2489 120 2548 eri
141 2487 250 2565 debet,
280 2489 406 2547 veniens
427 2507 461 2547 se
489 2486 598 2546 iecisse
620 2506 710 2567 nega·
752 2484 783 2542 in
806 2501 913 2542 manus
943 2502 1048 2544 eorum
1070 2484 1247 2563 duodecim,
1278 2487 1329 2566 qui
1352 2487 1390 2546 de
1412 2488 1541 2548 consilio

78 2570 96 2630 ti
115 2569 218 2631 duello
242 2571 456 2648 convincatur,
489 2570 710 2651 expurgatione
752 2565 877 2644 fuennt,
900 2567 1024 2627 nomine
1043 2574 1149 2629 nostro
1173 2569 1281 2630 offeret
1303 2577 1333 2629 et
1355 2571 1399 2629 sic
1413 2571 1541 2651 gratiam

78 2652 262 2714 absolvetur.
307 2659 334 2726 5.
358 2658 386 2714 5.
415 2651 447 2713 si
475 2654 558 2712 cives
581 2653 710 2733 burgum
752 2647 952 2728 recuperabit
1010 2655 1038 2722 S.
1063 2654 1110 2713 ll.
1144 2651 1175 2712 Si
1203 2653 1269 2732 quis
1297 2652 1374 2712 inira
1408 2653 1540 2713 bannum
1657 2644 1666 2667 ⁰

78 2738 205 2797 catione
220 2737 423 2797 communiter
437 2736 577 2813 exierint,
592 2754 710 2815 pacem,
752 2732 838 2812 burgi
869 2731 1000 2811 aliquem
1023 2732 1218 2829 burgensium
1246 2741 1363 2795 armata
1385 2755 1474 2796 manu
1498 2737 1541 2795 iu·

103 2819 200 2899 burgo
231 2819 391 2896 tenebant,
420 2818 521 2879 eundo
552 2817 709 2879 redeundo
752 2815 874 2893 vaserit,
895 2815 960 2875 sive
975 2823 1126 2895 percutiat
1147 2819 1212 2878 sive
1228 2837 1300 2894 non,
1321 2819 1419 2899 gratia
1436 2825 1542 2878 nostra

78 2922 99 2961 n
121 2902 303 2981 servabunt,
326 2911 357 2962 et
378 2900 523 2961 violatam
544 2921 581 2963 eo
605 2900 709 2980 modo,
752 2896 872 2957 carebit.
920 2903 946 2970 s.
971 2899 1018 2960 12.
1048 2898 1079 2959 Si
1101 2900 1168 2979 quis
1190 2901 1321 2980 aliquem
1346 2900 1540 2981 burgensium

78 3004 174 3067 rurgo,
208 2984 424 3047 emendabunt.
469 2990 496 3057 5.
522 2987 548 3048 6.
578 2984 709 3060 Quicun·
751 2979 790 3040 ad
812 2986 922 3040 terram
944 2979 1104 3061 dejecerit,
1127 3001 1147 3042 a
1167 2991 1273 3044 nostra
1288 2983 1387 3064 gratia
1410 2985 1448 3043 sit
1468 2983 1540 3044 alie·

80 3074 161 3129 ctum
179 3068 307 3150 burgum
324 3067 529 3128 inhabitantes
544 3069 626 3128 cives
648 3068 709 3128 loci
750 3082 817 3125 uus.
863 3069 890 3136 s.
912 3066 958 3125 13.
982 3063 1013 3125 Si
1036 3065 1103 3143 quis
1124 3066 1203 3125 inira
1225 3066 1356 3126 bannum
1379 3065 1468 3147 burgi
1488 3065 1540 3126 ali·

86 3150 173 3234 burgi
203 3153 347 3228 exierint,
376 3158 570 3230 preterquam
599 3152 629 3211 in
658 3171 708 3211 ne·
751 3165 841 3226 quem
863 3144 901 3206 de
913 3145 1114 3227 burgensibus
1129 3150 1253 3229 propria
1267 3149 1359 3209 domo
1376 3150 1425 3209 vel
1439 3148 1541 3209 aliena

78 3235 173 3305 itatis,
197 3244 228 3296 et
248 3236 326 3296 alter
341 3233 468 3295 alterum
491 3233 639 3295 occiderit
660 3234 709 3295 vel
751 3227 938 3310 malignandi
950 3231 1063 3307 auimo,
1085 3231 1166 3311 quod
1181 3231 1274 3313 vulgo
1297 3231 1406 3292 dicitur
1426 3231 1539 3292 heimb-

78 3319 140 3396 trit,
172 3326 234 3378 tres
265 3317 382 3380 solidos
399 3318 496 3400 judici
524 3326 555 3378 et
583 3325 644 3378 tres
665 3319 708 3377 in·
750 3312 874 3391 suchen,
892 3313 1045 3392 quesierit,
1061 3315 1160 3395 gratia
1175 3323 1282 3377 nostra
1295 3314 1417 3375 carebit.
1448 3321 1476 3388 5.
1490 3317 1538 3378 14.

78 3420 147 3463 asso
176 3402 367 3478 emendabit,
400 3403 456 3461 nisi
482 3401 561 3462 forte
581 3401 708 3461 evidens
750 3393 781 3455 Si
804 3397 947 3475 strepitus
970 3395 1019 3457 vel
1041 3397 1186 3457 tumultus
1209 3397 1249 3458 ob
1270 3397 1428 3475 incendia,
1457 3399 1538 3457 rixas

78 3504 116 3544 rm
138 3486 238 3560 fuerit,
260 3483 342 3564 quod
357 3486 440 3564 prius
457 3485 629 3544 iuimicitias
651 3483 707 3544 sibi
749 3478 799 3538 vel
822 3478 862 3538 ob
879 3477 1011 3558 aliquem
1035 3478 1128 3540 alium
1152 3500 1256 3541 casum
1279 3483 1452 3558 emerserit,
1475 3483 1538 3560 qui·

91 3569 186 3629 verba
206 3568 398 3628 salutationis
430 3567 486 3628 sibi
508 3566 708 3648 denegand03
750 3579 869 3641 cunque
898 3561 961 3622 illic
983 3582 1067 3622 arma
1098 3563 1201 3643 aliqua
1228 3564 1409 3645 gestaverit,
1437 3571 1539 3644 preter

78 3670 94 3710 n
117 3651 282 3731 judicium,
314 3650 396 3730 quod
424 3650 462 3711 de
490 3650 650 3712 homicidis
678 3659 709 3710 et
750 3643 907 3725 clypeum,
933 3645 1063 3709 ferreum
1091 3646 1215 3726 pilleum
1245 3653 1276 3707 et
1302 3649 1448 3723 securim,
1477 3654 1537 3707 tres

78 3734 162 3795 ribus
176 3735 412 3815 suprascriptum
435 3741 492 3813 est,
513 3733 552 3794 de
570 3736 638 3813 ipso
661 3753 708 3793 su·
751 3727 841 3787 libras
859 3726 954 3807 judici
978 3729 1169 3808 emendabit,
1201 3731 1257 3789 nisi
1286 3749 1397 3811 guerra
1421 3729 1470 3790 vel
1492 3731 1536 3789 in·

78 3822 99 3889 i.
121 3823 149 3881 i.
181 3818 361 3896 Quicunque
387 3816 555 3897 predictum
580 3816 707 3898 burgum
749 3810 845 3871 saltus
867 3810 999 3871 hostium
1021 3813 1051 3872 iu
1074 3812 1207 3872 bannum
1230 3814 1419 3893 provenerit,
1446 3811 1537 3873 etad

78 3904 103 3977 t,
129 3900 240 3963 viriet
265 3901 378 3960 lemine
401 3908 544 3980 tanquam
568 3899 706 3979 ejusdem
749 3893 950 3953 resistendum
975 3896 1018 3955 eis
1037 3897 1238 3956 communiter
1255 3897 1393 3956 exierint.
1423 3901 1465 3968 .§.
1489 3899 1536 3960 15.

78 3984 104 4043 is
135 3984 358 4044 matrimonium
386 3982 582 4061 contrahent,
611 3991 643 4043 et
667 3982 707 4042 se·
749 3976 780 4036 Si
815 3978 882 4056 quis
917 3976 1004 4037 alteri
1032 3977 1181 4057 probrose
1215 3979 1403 4039 conviciatus
1438 3978 1536 4056 luerit,

78 4073 102 4125 rt
121 4069 177 4127 viri
199 4068 228 4126 in
244 4065 444 4126 hereditatem
468 4065 636 4126 aueeedunt
655 4085 707 4146 pa.
744 4057 840 4139 judici
854 4058 960 4120 decem
983 4060 1109 4139 solidos,
1130 4063 1318 4122 universitati
1341 4061 1536 4142 burgensium

91 4154 118 4223 ς.
138 4151 168 4213 8.
196 4148 227 4210 Si
252 4151 302 4229 qui
324 4149 461 4209 duellum
488 4150 628 4226 inierint,
663 4148 706 4209 lo.
749 4142 855 4203 decem
884 4151 915 4203 et
942 4143 1082 4205 convicia
1109 4163 1201 4224 passo
1231 4144 1337 4205 decem
1369 4142 1534 4224 persolvat.

92 4231 213 4293 duobus
245 4232 355 4312 gladiis
384 4233 489 4292 muniti
518 4231 706 4313 pugnabunt.
750 4231 776 4298 5.
801 4228 848 4290 16.
880 4225 911 4286 Si
938 4228 1004 4306 quis
1031 4226 1134 4287 incola
1161 4227 1250 4307 hujus
1272 4227 1360 4308 burgi
1391 4227 1536 4308 egestatis

78 4315 157 4376 uello
179 4317 278 4376 victus
299 4316 401 4393 suerit,
430 4334 514 4375 arma
536 4334 592 4378 sua
610 4313 706 4398 judici
748 4327 841 4368 causa
862 4309 912 4368 vel
933 4309 995 4369 alia
1016 4311 1199 4370 necessitate
1226 4330 1245 4370 a
1268 4311 1363 4390 burgo
1392 4308 1536 4369 recedere

78 4405 85 4458 t
111 4399 162 4458 vel
183 4417 240 4479 pro
262 4397 399 4478 quolibet
419 4417 532 4478 genere
554 4406 706 4459 armature
747 4391 893 4468 voluerit,
928 4391 1022 4453 iibere
1057 4392 1189 4453 recedat.
1234 4399 1261 4466 S.
1289 4397 1334 4456 17.
1362 4392 1442 4453 Inita
1469 4391 1535 4452 bur·

78 4500 99 4540 a
125 4490 303 4561 componet.
347 4487 374 4554 s.
398 4484 426 4541 9.
458 4483 488 4541 in
521 4481 617 4562 burgo
645 4481 706 4541 Bri-
747 4493 818 4554 gum
838 4474 961 4534 Brisach
979 4475 1277 4556 etArgeutinensem
1295 4476 1448 4536 civitatem
1471 4473 1535 4534 nul-

78 4562 140 4637 ¹ulia
167 4566 256 4625 arnis
283 4563 444 4624 duodecim
468 4564 632 4645 eligentur,
655 4565 705 4644 qui
749 4557 794 4617 lus
817 4559 874 4617 erit
896 4565 1018 4637 portus,
1047 4559 1098 4638 qui
1119 4558 1213 4639 vulgo
1246 4558 1355 4618 dicitur
1384 4557 1534 4636 ladtstatt,

78 4646 597 4728 minutiatefideliterdiaponert,
625 4647 705 4723 Quo.
748 4638 805 4699 nisi
839 4639 920 4720 apud
959 4640 1093 4701 Brisach.
1148 4647 1175 4714 5.
1208 4643 1253 4705 18.
1296 4640 1344 4700 Ab
1372 4641 1534 4700 exactione

78 4730 171 4811 ‚liquis
200 4751 256 4812 pro
287 4731 404 4811 judicio
427 4750 536 4790 munna
569 4732 707 4873 exegerit
747 4722 882 4784 thelonei
896 4724 1063 4804 burgenses
1074 4743 1128 4804 per
1141 4725 1237 4785 nostri
1253 4724 1351 4784 Rheni
1365 4723 1533 4784 districtum

78 4833 128 4874 um
150 4815 316 4894 receperit,
352 4822 384 4874 et
403 4811 441 4873 de
469 4813 529 4874 hoe
549 4833 605 4895 per
646 4832 704 4876 uos
746 4804 942 4867 absolvimus.
988 4813 1015 4880 §.
1046 4810 1093 4870 19.
1136 4807 1216 4867 Infra
1237 4806 1335 4867 Rheni
1358 4807 1454 4866 nostri
1476 4812 1533 4866 ter-

78 4897 178 4976 plices
199 4899 358 4958 convictus
379 4897 483 4975 luerit,
506 4896 705 4976 dejicietura
747 4889 846 4949 minos
873 4889 928 4950 sub
962 4891 1057 4950 nostri
1085 4889 1254 4950 conductus
1287 4890 1449 4949 securitate
1483 4907 1533 4948 ne-

84 4981 220 5059 ipsorum
236 4999 295 5040 nea
314 4981 344 5040 in
363 4988 542 5059 perpetuum
566 4979 605 5040 ad
617 4979 703 5060 burgi
745 4972 951 5054 gotiabuutur.
995 4978 1021 5045 S.
1046 4975 1095 5037 20.
1123 4971 1237 5032 Omnes
1259 4971 1399 5031 homines
1420 4976 1534 5031 statuta

101 5063 287 5124 admittetur.
331 5062 388 5138 Qui
421 5062 583 5123 duodecim
610 5063 702 5122 etiam
745 5056 830 5136 burgi
845 5074 948 5116 secum
962 5055 1103 5123 volentes
1119 5074 1241 5114 servare
1259 5055 1415 5133 recipient.
1443 5051 1532 5128 Quod

78 5165 114 5206 re
140 5146 290 5223 fruemur,
317 5154 350 5206 ut
372 5147 396 5205 si
419 5147 485 5225 quis
508 5146 628 5206 advena
650 5145 702 5205 do·
744 5142 769 5201 si
790 5138 870 5200 forte
898 5138 1026 5219 alicujus
1055 5137 1210 5217 proprium
1232 5138 1387 5198 bominem
1410 5155 1532 5217 recepe-

78 5248 207 5310 usquam
245 5248 352 5290 eorum
389 5229 503 5308 hospes
537 5229 702 5307 intraverit,
743 5224 815 5301 rint,
848 5224 874 5282 si
895 5228 967 5282 ante
1002 5239 1114 5280 aunum
1139 5219 1293 5299 expletum
1318 5239 1337 5279 a
1359 5218 1407 5279 die
1428 5238 1532 5300 recep·

78 5330 181 5374 mum
203 5312 321 5374 steterit
341 5311 465 5392 hospes,
488 5332 508 5372 a
528 5313 649 5373 nemine
671 5312 700 5371 in
742 5306 834 5367 uanis
860 5324 955 5366 suen
981 5322 1037 5365 suo
1059 5301 1183 5363 domino
1206 5309 1375 5386 repetatur,
1407 5310 1439 5364 et
1458 5323 1536 5365 suus

78 5396 215 5460 incsud
231 5412 325 5476 snper
338 5394 443 5475 aliquo
465 5394 570 5456 debito
591 5393 702 5458 debeat
743 5406 812 5450 esse
829 5391 899 5469 jure
916 5385 1020 5449 debito
1034 5385 1260 5467 comprobetur,
1282 5384 1382 5448 sidem
1404 5384 1531 5449 domino
