3646 5828
725 352 863 423 Bapparrl.
1538 352 1601 419 257

127 504 383 567 rnomiuedomini
400 526 502 567 amen.
545 506 592 565 Nc
607 505 688 565 iacta
701 524 764 565 mo·
811 506 860 567 vel
883 507 995 566 venire.
1038 504 1136 585 Super
1157 525 1218 585 qua
1239 510 1447 569 conventione
1469 516 1500 569 et
1521 508 1599 568 ordi·

129 612 157 648 ιιι.
180 608 239 669 que·
254 588 346 669 digua
368 600 440 649 sunt
463 589 610 649 memoria
631 596 768 667 postero·
810 590 936 649 natione
968 588 1032 649 fleri
1064 589 1190 649 ierimus
1224 588 1285 649 duo
1317 593 1403 671 paria
1434 592 1598 652 litterarum

127 684 250 733 rstreutnr
271 672 429 733 oblivione
448 672 496 731 vel
511 672 694 753 ignorantia,
718 670 768 731 de·
810 673 899 732 unius
921 673 1050 748 tenoris,
1072 673 1191 751 utrique
1214 674 1291 751 parti
1313 694 1420 748 unum,
1444 686 1476 735 et
1489 686 1600 733 utrum-

127 756 225 835 upeilit
246 776 284 817 ea
304 755 477 835 sigillorum
499 762 531 815 et
550 754 655 833 scripti
672 754 768 814 muni·
810 773 870 833 qne
891 754 1016 835 sigillari
1034 754 1136 835 sigillo
1151 756 1305 815 cominuui
1320 756 1403 837 opidi
1413 756 1600 837 Bopardien-

130 860 216 919 voque
243 838 420 899 testimonio
449 837 642 918 perbennari.
688 835 769 895 Hinc
811 838 853 897 sis
876 856 937 897 una
958 856 1026 897 cum
1042 837 1142 918 sigillo
1162 838 1381 900 venerabilium
1398 841 1531 901 virorum
1553 859 1600 899 ca·

127 920 366 982 .lnosi?onradua
381 922 539 999 scultetus,
557 919 769 980 ministeriales
812 920 991 981 noricorum
1025 919 1156 980 ecclesie
1185 920 1418 1002 Bopardiensis,
1452 922 1534 1003 quod
1562 922 1600 982 ad

127 1008 149 1064 ui
167 1005 245 1087 opidi
260 1004 478 1087 llopardieusis
500 1012 606 1064 uotum
626 1022 696 1063 esse
716 1020 768 1064 vo·
810 1022 918 1083 preces
947 1003 1102 1083 utriusque
1137 1006 1231 1083 partis
1259 1007 1393 1084 presenti
1417 1006 1601 1066 ordinationi

127 1090 270 1165 universis,
305 1087 388 1167 quod
415 1106 474 1147 nos
504 1088 704 1147 convenimus
737 1086 767 1145 iu
811 1093 843 1147 et
863 1087 1061 1147 conventioni
1083 1093 1130 1147 est
1151 1106 1320 1167 appensum
1438 1090 1548 1148 Datum
1572 1102 1603 1148 et

127 1171 180 1231 nul
202 1191 264 1231 non
286 1169 328 1230 ad
348 1170 565 1231 instituendum
588 1189 670 1231 nova
687 1172 768 1248 jura,
810 1178 911 1229 actum
943 1188 1025 1230 anno
1056 1167 1171 1229 domini
1201 1169 1362 1232 millesimo
1390 1171 1600 1232 ducentesimo

136 1253 337 1315 ιιιιιιιιίιιιιιιιιιι
358 1254 501 1333 antiqua,
532 1272 592 1331 que
618 1250 767 1313 hactenus
809 1253 1149 1333 uorragesimoprimo,
1171 1253 1327 1333 invigiliis
1349 1254 1600 1315 beatiBartholo·

127 1356 145 1397 rs
173 1339 294 1397 fuerunt
331 1345 363 1396 et
390 1334 542 1397 durabunt
568 1339 597 1396 in
626 1335 767 1407 loturum,
810 1337 870 1396 mei
891 1334 1035 1415 apostoli,
1056 1336 1248 1415 presentibus
1270 1355 1361 1415 quam
1377 1338 1512 1417 pluribus
1527 1337 1598 1396 tide-

127 1422 183 1479 ιιιιιιι
200 1424 287 1499 jura,
322 1438 381 1499 que
409 1418 576 1479 seeundum
599 1419 767 1479 sententiaa
810 1418 940 1499 dignis.“
982 1420 1114 1479 Giinther
1130 1438 1196 1482 aa.
1209 1418 1245 1480 0.
1262 1420 1314 1479 Nr.
1327 1422 1386 1485 339
1408 1420 1436 1481 S.
1447 1422 1600 1486 ssu-se.

127 1516 174 1563 um
200 1522 304 1563 coram
322 1502 458 1584 judicio,
490 1501 704 1562 ministeriales
725 1500 767 1561 di·
808 1501 1134 1583 luhalts-Darstellung
1156 1502 1205 1564 bei
1226 1522 1252 1563 n.
1267 1504 1442 1580 Stromlcrp
1463 1523 1491 1564 a.
1514 1523 1541 1563 a.
1564 1501 1600 1563 0.

130 1586 350 1647 sententiabuut
369 1606 437 1647 curn
460 1586 609 1663 scabinis,
637 1592 669 1645 et
687 1584 768 1645 simi·
810 1584 841 1645 Β.
857 1584 918 1649 567
940 1582 991 1665 llg.
1038 1584 1086 1663 [S.
1108 1592 1202 1647 uuten
1223 1605 1268 1649 nr.
1293 1588 1356 1665 ru]

127 1668 183 1729 bini
209 1688 270 1731 una
296 1688 365 1729 cum
388 1668 651 1745 ministerialibus3
676 1674 768 1728 etue
895 1670 989 1745 ltin,
1011 1668 1084 1747 Apr.
1107 1670 1137 1733 3.
1179 1668 1282 1750 Kunig
1302 1669 1492 1730 Albrecht
1514 1671 1533 1728 l.
1557 1690 1600 1729 er·
1620 1676 1638 1732 ιι

143 1751 244 1829 judicii
276 1751 440 1831 habeatur,
477 1753 527 1831 qui
556 1752 662 1813 haberi
683 1758 769 1831 pote·
811 1750 908 1829 kinrt,
931 1770 981 1809 um
1003 1750 1149 1811 hiedurch
1170 1753 1276 1812 seinen
1289 1752 1425 1833 Burgern
1447 1773 1508 1812 vou
1523 1752 1601 1832 Bap-

127 1846 185 1895 cent
207 1855 357 1907 summus,
389 1835 518 1897 aliorum
547 1834 687 1895 absentia
706 1854 768 1894 non
810 1832 886 1914 purd
910 1834 979 1893 eine
999 1834 1108 1894 Gnade
1128 1854 1167 1895 au
1188 1837 1354 1915 erweisen,
1388 1836 1458 1896 dass
1481 1836 1601 1915 burger-

126 1940 139 1977 ι.
182 1919 307 1999 insuper
338 1918 409 1979 dum
442 1918 589 1977 scultetus
619 1916 768 1998 judicium
812 1916 891 1977 licbe
923 1919 977 1976 mit
1008 1916 1161 1998 Adeligen
1203 1918 1408 1979 verebelichte
1445 1918 1599 1978 Personen

127 2020 161 2063 ιι.
191 2002 334 2063 videlicet
364 2020 432 2061 cum
464 2000 567 2061 debita
594 2002 644 2059 vel
666 2001 770 2079 aliqua
811 1998 906 2059 durch
927 1999 1012 2061 diosc
1024 2000 1233 2082 Vermthluug
1244 2002 1355 2062 heinen
1368 2002 1528 2091 Anspruch
1552 2002 1607 2060 aui

129 2084 179 2143 ieui
209 2104 312 2145 eoram
335 2083 453 2163 judicio
479 2103 535 2163 per
561 2103 695 2143 summas
717 2082 768 2143 ad·
811 2082 1039 2145 Steuerlreiheit
1068 2082 1124 2145 der
1151 2104 1212 2146 von
1243 2085 1335 2145 ihnen
1358 2086 1469 2145 vorher
1491 2085 1602 2145 bercits

127 2180 207 2233 intur,
227 2166 456 2245 ministeriales,
478 2168 530 2246 qui
552 2186 620 2227 cum
640 2166 710 2245 ipso
728 2164 767 2225 ad
810 2166 995 2227 besesseneu
1012 2166 1108 2228 ther
1127 2167 1284 2228 erwerben
1309 2167 1435 2228 sollten:

127 2248 408 2327 lunrhevoluerint,
429 2251 603 2331 portionem
626 2244 767 2329 aquilem
891 2249 975 2327 „liris
1003 2249 1146 2313 Albertus
1180 2252 1228 2311 dei
1268 2253 1366 2331 gratia
1394 2252 1601 2311 Romanorum

127 2344 215 2395 tcuru
237 2334 387 2411 rectricis,
409 2342 441 2393 et
455 2333 526 2393 dum
549 2332 701 2393 sententie
722 2351 766 2393 re·
809 2352 864 2393 reu
882 2351 1004 2411 semper
1019 2341 1176 2414 augustus.
1218 2333 1267 2395 Ad
1292 2336 1502 2395 universorum
1524 2335 1601 2393 sacri

127 2434 158 2491 n,
177 2418 320 2479 scultetus
343 2415 556 2477 ministeriales
574 2435 700 2477 mouere
717 2415 767 2475 de·
808 2416 927 2495 imperii
955 2415 1086 2477 Romani
1117 2415 1254 2479 fidelium
1289 2418 1428 2478 notitiam
1461 2417 1601 2477 volumus

127 2498 231 2560 buldam
253 2519 344 2579 quam
358 2500 512 2577 fecerunt,
533 2498 676 2559 scabinos
693 2518 766 2559 vero
811 2498 986 2577 pervenire,
1008 2499 1176 2580 quodnos,
1200 2508 1233 2561 ut
1245 2500 1411 2581 prudentes
1426 2501 1496 2573 viri,
1519 2502 1602 2562 cives

127 2602 159 2641 ιιι
184 2588 398 2661 juramentum.
442 2584 584 2643 Preterea
620 2582 691 2642 dum
719 2583 768 2642 de·
812 2581 851 2641 de
865 2581 1034 2661 Bupardia,
1056 2582 1163 2644 fideles
1176 2584 1272 2644 nostri
1281 2582 1402 2662 dilecti,
1424 2585 1602 2643 exactiones

127 2666 300 2727 sabinorum
329 2667 417 2726 unius
449 2666 498 2727 vel
520 2665 649 2745 plurium
671 2665 770 2743 suerit,
811 2672 843 2725 et
863 2672 961 2724 sturae
983 2666 1205 2746 impendendas
1226 2666 1342 2727 eisdem
1359 2667 1550 2726 communius
1572 2673 1604 2725 et

127 2748 141 2805 .·Ι
166 2748 213 2808 ulii
239 2768 294 2828 per
327 2748 539 2808 ministeriales
574 2758 606 2809 et
626 2748 769 2808 scabinos
812 2748 908 2807 levius
941 2749 1029 2808 siurbis
1062 2756 1094 2809 et
1125 2750 1254 2829 imperio
1290 2748 1436 2831 expedire
1470 2749 1602 2823 valeant,

128 2832 177 2890 iter
195 2833 359 2913 eligantur3
383 2834 425 2891 ita
446 2830 528 2911 quod
550 2829 601 2891 alii
622 2830 770 2903 sinealiis
812 2832 891 2890 lianc
918 2830 993 2909 ipsis
1023 2831 1061 2892 de
1090 2832 1278 2913 benignitate
1305 2834 1390 2913 regio
1410 2833 1539 2912 gratiam
1562 2831 1602 2890 l-

127 2916 225 2974 ionem
254 2936 316 2976 non
345 2915 523 2994 procedant.
566 2914 598 2973 ln
621 2916 770 2995 principa·
812 2916 944 2993 cientes,
973 2914 1114 2975 volumus
1143 2924 1175 2975 et
1198 2915 1392 2990 mandamus,
1425 2915 1506 2994 (puori
1528 2914 1602 2973 nulli

127 3017 205 3075 reique
225 2998 331 3059 diebus
348 2997 564 3078 judicialibus,
591 2998 642 3076 qui
664 3016 769 3057 secuu—
812 3016 931 3074 eorum,
962 2998 1027 3058 sive
1050 2998 1207 3058 masculini
1236 3000 1301 3059 sive
1324 2999 1459 3058 lerniniui
1481 3000 1603 3079 generis

127 3081 217 3159 lgares
239 3081 448 3142 u'isseutbal'te
471 3082 568 3141 ltiuclr
595 3100 770 3160 nuncupas·
812 3088 864 3141 aut
885 3100 977 3139 sexus
999 3083 1149 3161 existant,
1187 3100 1225 3142 eo
1255 3081 1428 3161 quodcum
1451 3080 1603 3141 nobilibus

127 3163 226 3241 uliquis
249 3184 394 3225 excessus
417 3164 464 3223 vel
482 3162 618 3223 deiectus
633 3172 694 3223 tam
708 3164 771 3224 rmi-
812 3170 865 3223 aut
887 3164 1023 3223 militaris
1044 3164 1230 3225 conditionis
1258 3167 1323 3225 sive
1350 3174 1447 3225 status
1476 3164 1603 3225 homiui-

128 3266 140 3303 s
166 3268 252 3325 ipram
280 3250 397 3327 imperii
419 3249 522 3325 luerit,
557 3248 771 3308 ministeriales
813 3248 868 3307 bus
885 3248 1109 3308 matrimonium
1132 3255 1351 3309 contraxerunt
1366 3246 1415 3307 vel
1431 3246 1605 3307 infuturum

127 3328 204 3389 binis
233 3341 262 3390 et
290 3330 406 3391 scabini
434 3350 502 3389 cum
526 3330 771 3391 ministerialibus
813 3330 1011 3409 contrahent,
1051 3332 1081 3391 in
1110 3338 1227 3391 tantum
1259 3331 1393 3393 debeant
1421 3330 1604 3410 supportari,

127 3424 180 3471 unt.
204 3415 261 3473 hoc
280 3415 412 3493 adjecto,
435 3414 516 3491 quod
538 3416 569 3473 in
581 3412 771 3495 proferendis
813 3414 884 3492 quin
907 3413 945 3473 de
968 3414 1057 3474 bouis
1079 3416 1141 3475 suis
1154 3415 1295 3476 omnibus
1312 3420 1473 3475 tenea-ntur
1487 3414 1601 3473 servire

127 3498 319 3557 ,ιιιιιιιιιιιιιιι
341 3508 372 3556 et
394 3498 490 3569 villis,
521 3516 580 3575 que
597 3500 668 3577 jura
688 3496 770 3576 apud
813 3504 845 3557 et
865 3497 1058 3557 contribuere
1080 3518 1149 3558 cum
1166 3498 1298 3575 eisdem,
1317 3500 1408 3578 juxta
1429 3496 1510 3576 quod
1533 3506 1605 3557 ante

127 3580 222 3653 μιιιιιιιι
255 3592 286 3639 et
315 3602 352 3638 ex
375 3582 500 3658 arrtiquo
526 3584 594 3658 jure
617 3582 771 3658 requirere
813 3579 986 3661 hujusmodi
1000 3589 1188 3641 contractum
1203 3581 1386 3643 matrimonii
1407 3578 1447 3641 de
1465 3581 1539 3659 ipsis
1552 3580 1603 3640 bo·

143 3666 313 3722 ιιιιιιιιιιιιιιιι
336 3676 396 3721 ιιιιιι
412 3663 657 3723 ministerialibus
680 3682 769 3743 quam
813 3664 860 3723 nis
882 3664 995 3724 servire
1018 3670 1050 3723 et
1068 3664 1260 3725 curstribuere
1282 3671 1518 3741 consueverunt,
1539 3684 1605 3743 pre-

142 3748 247 3821 puriter
269 3748 510 3805 sementiahunt.
539 3765 597 3805 nec
619 3764 771 3826 unapars
813 3747 945 3807 sentium
978 3748 1154 3809 testimonio
1187 3748 1352 3808 litterarum
1387 3748 1482 3807 nostri
1514 3746 1605 3827 sigilli

126 3830 186 3901 ιιιιιιι
209 3830 342 3907 prolerre
365 3849 498 3887 surnmas
520 3832 633 3909 poterit
654 3828 703 3891 vel
722 3829 771 3889 de·
814 3829 925 3891 rubore
949 3830 1144 3911 signatarum.
1188 3832 1299 3891 Datum
1319 3830 1400 3910 apud
1413 3829 1605 3909 Oppenheim

128 3908 158 3969 Er
178 3913 201 3970 si
224 3932 341 3971 summe
364 3932 419 3993 per
432 3913 644 3973 ministeriales
660 3920 691 3973 et
707 3930 772 3973 sca
813 3914 855 3994 iij.
880 3933 952 3975 non.
981 3914 1067 3993 april.
1095 3934 1176 3975 anno
1205 3913 1321 3974 domiui
1343 3914 1382 3972 ll.
1406 3912 1465 3973 CC.
1489 3916 1605 3991 quintii,

132 3996 286 4055 ina-ordirer
318 3996 437 4074 prolate
469 3996 594 4075 inerint,
625 3996 700 4076 ipsis
723 4002 773 4055 est
814 3998 900 4077 regni
927 4016 1002 4057 vero
1028 3998 1125 4058 nostri
1157 4018 1238 4059 anuo
1268 3998 1432 4076 septimo.“
1479 3999 1607 4057 Gr'iutlier

127 4095 156 4134 ιιι.
197 4078 256 4139 Seii
285 4080 379 4157 siquis
408 4080 620 4139 contravenire
642 4078 774 4139 voluerit
813 4100 842 4143 a.
864 4099 894 4141 a.
916 4083 953 4141 0.
974 4078 1042 4139 'l'hl.
1063 4080 1105 4141 lll
1125 4080 1176 4141 Nr.
1199 4082 1238 4143 23
1261 4078 1291 4140 S.
1317 4079 1383 4142 114.

127 4180 235 4235 ιιιιιιιι.Ι
267 4162 454 4241 quoadjus,
485 4162 565 4239 quiid
590 4162 647 4222 sibi
668 4162 772 4221 sotira
897 4164 992 4237 luit,
1015 4164 1100 4243 Sept
1113 4166 1160 4227 lb.
1204 4164 1261 4223 Die
1284 4160 1457 4242 boppardcr
1478 4160 1641 4235 stadt-7

127 4258 198 4305 rtur.
226 4247 337 4325 poterit
361 4244 536 4306 reclamare.
580 4244 624 4305 Ex
648 4246 774 4386 antipua
815 4245 1021 4326 gemeiude
1044 4244 1605 4325 uuihltvierundawarrzigPersonen

127 4328 204 4386 ¹rdine
227 4338 371 4387 statutum
395 4338 439 4387 est
463 4331 570 4397 etiam,
607 4328 689 4408 quoti
733 4347 772 4388 no
816 4348 874 4405 „err
890 4329 1043 4399 militibus,
1069 4328 1330 4405 ministerialibus,
1352 4328 1485 4388 scabinis
1500 4335 1529 4387 et
1543 4331 1605 4408 opi·

127 4430 181 4469 ιιιιι
214 4411 453 4471 immaterialium
493 4412 567 4471 duas
601 4413 704 4471 claves
734 4409 773 4471 ad
816 4412 923 4472 durris“
945 4414 1000 4473 mit
1019 4412 1247 4493 demAul'trage
1269 4431 1340 4489 aus,
1362 4410 1518 4471 dieselben
1536 4412 1606 4471 soll-

126 4514 149 4551 u·
174 4496 303 4570 sigillum
333 4494 414 4575 opidi
441 4495 657 4574 Bopmrrliensis
685 4496 774 4575 perti·
818 4505 868 4555 teu
886 4536 918 4545 -
943 4495 1108 4573 „forestum
1132 4516 1185 4555 scu
1210 4494 1362 4555 rnarchsm
1386 4494 1538 4553 districtus
1552 4496 1606 4553 cir·

145 4590 173 4635 ιι
194 4599 269 4637 tirius·
291 4580 329 4637 «le
354 4598 479 4637 rnrrrrero
502 4579 695 4639 seuliinorum
718 4584 775 4637 ter·
816 4580 1065 4639 cumeuntes“—
1090 4578 1139 4637 die
1157 4578 1291 4653 wahren,
1312 4597 1351 4636 an
1374 4576 1473 4637 vielen
1491 4576 1605 4636 Stellen

127 4660 215 4720 telin-r
247 4662 482 4721 eorrserrnbunt.
526 4662 670 4723 Preterea
697 4660 775 4720 ordi·
817 4660 1060 4723 widcrrechtlich
1084 4661 1236 4741 beengtcu
1258 4660 1398 4719 Greuzen
1429 4660 1482 4719 der
1503 4660 1603 4719 stitdti-

129 4758 146 4799 ·1
168 4746 342 4807 statrrinms.
378 4745 510 4823 etipsud
538 4745 594 4805 luit
615 4744 654 4803 ub
678 4744 774 4821 initio,
817 4745 910 4805 seben
932 4742 1132 4824 Genrarlumg
1153 4743 1318 4803 orrssuchen
1348 4742 1408 4801 und
1432 4742 1606 4804 herstellen.

127 4828 267 4906 uieunqne
302 4828 444 4887 eirusules
483 4830 531 4887 vel
569 4846 702 4909 persone
733 4826 773 4887 ad
816 4830 948 4889 Giinther
968 4848 996 4887 a.
1020 4847 1047 4888 a.
1071 4828 1106 4887 (l.
1129 4827 1180 4887 Nr.
1203 4830 1242 4887 'll
1265 4826 1293 4888 S.
1314 4828 1461 4887 tlt-16.

127 4928 146 4966 ιιι
170 4910 377 4989 llripuniieuse
399 4913 585 4990 pertinentes
608 4912 679 4991 eligi
702 4928 773 4971 con·
898 4912 995 4987 18⁰0,
1017 4910 1101 4989 Sept.
1116 4913 1164 4973 28.
1208 4908 1311 4988 Ktinig
1332 4906 1515 4967 Heinrich
1538 4908 1644 4983 Vlia

127 4992 179 5053 ilue
202 5004 303 5073 portes
325 4994 364 5053 ile
378 5014 504 5055 innuero
527 4996 653 5055 militum
677 4994 773 5054 etmi-
816 4994 882 5054 thot
904 4992 962 5053 deu
978 4994 1112 5073 Burgern
1135 4992 1190 5051 dur
1215 4993 1289 5069 {seit
1311 4989 1379 5049 dem
1395 4991 1530 5069 Begirme
1552 4992 1607 5051 des

127 5078 197 5135 ιιιιιι.
232 5079 318 5137 tertio
350 5096 423 5137 vero
452 5078 490 5137 de
513 5098 640 5139 numero
662 5077 773 5136 civium
816 5078 893 5138 Xlll.
915 5076 1014 5136 llrdts.
1049 5075 1109 5134 und
1139 5075 1183 5135 bis
1212 5073 1304 5134 dahin
1327 5074 1533 5133 reiehslrei
1556 5096 1606 5155 ge-

127 5181 227 5220 ιιιιιιιιιι
251 5170 453 5222 assumentur.
496 5162 571 5223 ltem
589 5160 775 5237 ordinamus,
818 5162 977 5237 mesenen]
1005 5157 1093 5220 Stadt
1115 5156 1302 5237 Boppard*)
1326 5177 1363 5217 uu
1385 5157 1514 5236 wisseu,
1536 5158 1608 5217 dass

127 5246 192 5323 iqua
216 5246 277 5321 juri
301 5242 454 5315 dissonat,
489 5245 571 5324 quod
602 5246 775 5325 quicunque
818 5264 850 5304 er
872 5244 987 5304 seiuem
1010 5240 1141 5319 Bruder,
1167 5239 1238 5301 dem
1258 5238 1456 5299 Errbischofe
1479 5240 1607 5301 Balduin

126 5328 153 5387 iu
178 5328 347 5397 seabinum,
369 5326 453 5387 dabit
477 5328 721 5389 ministerialibus
743 5334 775 5387 et
867 5364 870 5370 -
977 5362 985 5367 -
1196 5358 1235 5367 -

139 5410 330 5486 convivium,
369 5410 421 5489 qui
449 5410 596 5472 interesse
625 5410 777 5471 voluerint
888 5420 916 5487 ⁹)
938 5416 998 5471 Untl
1017 5416 1142 5488 augielch
1156 5418 1240 5484 jenen
1261 5430 1314 5468 von
1334 5414 1433 5467 Wesel.

127 5528 164 5567 aa
179 5527 195 5575 j.
210 5526 293 5567 mne.
1421 5522 1458 5582 17
