3646 5828
27 66 107 203 ι’
124 150 177 225 η
592 213 597 222 ,
643 126 687 189 ¹¹

155 292 177 362 2
900 295 1024 351 saonen.

160 449 299 526 Goldust,
331 447 437 508 Coust.
460 447 609 526 Imperial.
640 448 727 508 Tom.
750 449 777 508 ll
804 471 833 530 p.
857 453 875 514 6
898 470 953 529 sq,
997 447 1100 507 tunica
1126 445 1176 505 vel
1202 444 1325 525 pellicio
1353 441 1404 502 vel
1430 442 1557 502 camisia
1583 441 1632 503 vel
1660 459 1706 519 qur

157 531 329 607 chudols,
353 530 481 591 Colleot.
496 530 604 589 Statut.
628 533 793 610 pdttlsq,
816 534 953 610 Rousset,
997 537 1093 607 veste,
1115 547 1175 607 qua
1195 527 1318 586 indutus
1341 534 1396 602 est,
1422 545 1512 584 manu
1528 532 1632 602 potest
1649 543 1706 583 ave

157 610 361 693 Suppldmens
376 632 415 673 au
431 631 521 691 corps
533 612 606 691 dipl.
621 634 676 691 par
686 614 725 672 du
738 615 823 673 blunt
843 614 954 674 Tom.l
997 611 1113 672 directe
1123 610 1235 670 stando
1249 609 1568 687 siuealiquacorporis
1578 606 1706 666 tlexione

156 695 218 758 P.t
242 699 391 775 p.56ss.,
414 697 511 754 sowie
532 696 563 753 in
587 694 953 758 denActuSS.BoIlund.
996 693 1167 771 bestimmt,
1205 693 1275 751 dass
1304 691 1334 749 iu
1362 690 1489 749 Aschen
1523 688 1706 769 jegliclreb

155 778 253 838 Meus.
275 778 400 838 Januar.
423 776 549 837 Tomll
571 797 600 856 p.
611 780 672 841 888
687 798 732 857 sq.
763 780 823 838 und
845 781 876 839 in
900 782 954 841 Lit-
997 781 1108 856 „juxta
1131 774 1309 854 qualitatem
1331 774 1438 832 suant‘
1461 774 1594 830 cursiren
1618 770 1706 832 solle,

155 860 318 937 nip'sRA.
346 879 423 919 aa.
447 859 482 919 Ο.
510 859 540 918 S.
564 864 603 923 53
627 860 677 939 llg.
720 861 784 920 Nur
811 862 869 922 den
897 864 953 922 Be·
996 858 1115 918 erlaubt
1147 856 1268 916 endlich
1296 856 1355 915 deu
1384 854 1517 914 astehuer
1544 852 1706 913 Handelsle

156 940 321 1003 standtheil
346 941 375 1000 A
403 941 556 1021 bingegeu
579 943 671 1002 nahm
700 944 745 1002 als
768 944 891 1023 „Caroli
913 945 953 1005 Μ.
996 941 1074 1001 auch
1102 947 1210 1018 „extra
1231 939 1354 998 domurn
1380 938 1580 997 monetariam
1610 946 1640 996 et
1662 943 1706 994 tce

156 1043 257 1084 senno
276 1022 953 1103 defundationeAquisgranensisbasilicae“
995 1021 1302 1102 Wechselgeschatte
1325 1022 1378 1080 mit
1401 1027 1636 1098 ungemr‘tnztem
1661 1038 1706 1076 un

155 1106 234 1167 Aub.
257 1108 392 1167 Mirueus
424 1107 454 1165 in
482 1108 588 1166 seiuen
617 1108 724 1169 Codex
751 1109 952 1170 donationum
995 1114 1148 1165 mttnztem
1179 1104 1278 1165 Silber
1306 1102 1533 1163 vomuuehmen
1571 1137 1608 1145 -
1640 1119 1706 1177 „car

154 1191 273 1269 piarum
297 1207 365 1268 cap.
388 1188 432 1249 XI
463 1188 561 1268 [Opp.
584 1189 655 1268 dipl.
685 1198 716 1250 ct
737 1190 821 1268 bist,
848 1191 954 1251 Edll
995 1196 1154 1268 argentum
1191 1187 1241 1246 vel
1269 1186 1456 1246 monetam.“
1501 1186 1546 1244 Dr
1568 1186 1666 1260 Mont,
1697 1184 1706 1239 t

155 1290 217 1330 cur.
246 1270 273 1330 J.
295 1271 328 1331 F.
351 1271 509 1350 Foppens,
543 1271 631 1330 Tom.
654 1272 682 1349 I,
716 1273 952 1338 Bruxell.1723
996 1270 1068 1349 dipl·
1092 1270 1131 1330 du
1156 1268 1236 1328 droit
1257 1268 1312 1329 des
1334 1287 1410 1348 gens
1432 1266 1520 1326 TOm·
1543 1266 1564 1325 l·
1588 1286 1617 1345 P·
1637 1266 1695 1342 875

154 1353 223 1433 tot,
249 1373 279 1434 p.
305 1354 453 1431 tt-to‘)
478 1354 538 1412 aut'.
580 1353 623 1412 Es
645 1354 715 1415 dart
733 1358 875 1437 ttbrigens
904 1356 953 1416 die
995 1357 1086 1430 dorp,
1108 1355 1189 1413 Acta
1203 1351 1285 1432 publ.
1308 1350 1396 1411 Tom.
1409 1349 1478 1410 xlv
1504 1350 1600 1423 (Libr.
1614 1347 1706 1408 XV(

153 1435 341 1496 Uu'atchtlreit
383 1435 484 1496 dieses
527 1437 674 1497 letztereu
707 1438 952 1517 Sebrit'tstttekes,
994 1455 1039 1495 ur.
1057 1443 1090 1513 t)
1115 1457 1145 1516 p.
1160 1436 1215 1513 ot,
1240 1436 1333 1510 Ouia,
1356 1431 1432 1492 Cod.
1449 1431 1521 1512 dipl.
1544 1432 1606 1493 P.t
1632 1451 1660 1510 p.
1677 1432 1706 1493 31

153 1517 274 1578 welehe
301 1517 479 1600 gegenttber
500 1537 525 1578 ιι.
542 1520 642 1580 Beeclc
667 1520 728 1580 und
757 1524 881 1584 Goldest
902 1522 952 1582 be·
994 1520 1179 1594 Lucomblet,
1204 1517 1265 1577 UB.
1287 1517 1342 1576 Bd.
1365 1515 1378 1574 l
1398 1514 1451 1574 Nr.
1473 1517 1533 1576 412
1555 1514 1585 1573 S.
1607 1516 1666 1577 283
1692 1512 1706 1571 t

153 1602 226 1661 reita
237 1603 424 1678 Papebroel·,
447 1602 601 1676 Mabitlou,
619 1604 706 1677 Mire,
732 1607 950 1683 Gryplrinnder,
1076 1599 1215 1677 Aaohen,
1237 1598 1392 1659 vielleiclrt
1404 1597 1459 1656 aus
1467 1596 1521 1657 der
1532 1596 1627 1658 Stella
1642 1595 1698 1655 des

154 1686 353 1766 uludemip,
375 1684 499 1744 Riccius
520 1703 549 1742 u.
567 1683 604 1743 A.
629 1686 716 1745 mehr
737 1687 813 1747 oder
834 1687 952 1747 nrinder
996 1682 1192 1745 Carovallum
1215 1682 1323 1741 erbaut
1344 1678 1405 1741 rmd
1419 1680 1530 1740 bereits
1552 1680 1582 1738 in
1606 1678 1660 1738 der
1676 1677 1706 1737 K

154 1765 353 1826 entschieden
382 1767 631 1845 ausgesprooheu
659 1768 777 1847 haben,
801 1773 879 1850 jetzt
907 1769 953 1829 als
995 1768 1112 1847 gemeit
1145 1765 1190 1825 als
1227 1763 1340 1843 „sedes
1374 1762 1472 1844 prima
1503 1762 1664 1838 Franciae,
1704 1801 1706 1816 ι

154 1847 318 1928 allgemein
341 1847 514 1907 anerkaunt
548 1851 663 1925 (Quis,
692 1851 720 1911 J.
743 1853 791 1913 Fr.
814 1855 952 1934 ΒόΙιηιεν,
995 1851 1102 1930 regni“
1124 1847 1265 1930 geseiert,
1299 1846 1452 1906 ersobeiut
1478 1845 1509 1904 iu
1537 1844 1596 1904 den
1619 1842 1706 1904 Fn'de

154 1931 314 2008 Burtltold,
342 1932 527 2004 Wuitzetc.)
552 1932 835 1996 eruebtctwerden.
865 1934 952 1995 Aucb
996 1931 1121 1992 nischen
1151 1928 1381 1991 Rechtsbriefen
1412 1925 1493 1987 noch
1527 1928 1572 1986 als
1605 1945 1706 1986 mauer

155 2011 436 2074 denBestandtheil
458 2012 483 2072 B
506 2014 720 2097 desPrivilegs
738 2019 952 2079 mitA.u.Da-
995 2013 1065 2091 Ort,
1095 2015 1135 2074 da
1157 2015 1225 2073 eine
1248 2013 1447 2092 Besestigung
1474 2008 1636 2070 desselben
1666 2029 1706 2067 au

153 2094 241 2172 ntets,
263 2094 952 2161 Hdb.derdtscb.Reicbs-ustaatenrechts-
994 2095 1118 2158 Kaisers
1144 2095 1274 2159 Geheiss
1306 2103 1368 2155 erst
1396 2095 1475 2157 1172
1503 2093 1558 2153 mit
1585 2092 1653 2152 dem
1683 2111 1706 2169 „⁴

153 2177 330 2259 geschichte
357 2177 461 2238 Tbll
489 2177 519 2240 S.
540 2181 601 2243 255
631 2179 677 2240 sur
698 2183 888 2261 „erdiclrtet“
915 2204 951 2243 zu
994 2179 1194 2240 Berensteiu“
1218 2177 1399 2258 begonnen,
1438 2174 1501 2235 und
1527 2175 1611 2235 wohl
1632 2171 1703 2233 nich

154 2259 313 2340 erlrlttren,
335 2261 375 2321 ist
391 2259 507 2340 jedoclr
528 2261 718 2323 keinGrund
740 2265 930 2327 vorhauden.
995 2261 1049 2322 der
1069 2262 1155 2324 Mitte
1178 2261 1232 2322 des
1254 2260 1333 2321 xlv.
1357 2259 1456 2319 lbdts.
1480 2257 1638 2318 vollendet
1664 2274 1706 2316 w<

95 2358 112 2418 ζ
236 2343 470 2422 nomana.
505 2343 863 2408 KaiserFriedriolrI.
887 2368 952 2409 ver·
993 2345 1042 2404 ist.
1074 2347 1191 2425 (Ouia,
1213 2344 1337 2404 Beschr.
1361 2342 1475 2419 atta,
1490 2344 1578 2416 191.)
1622 2339 1703 2400 Dass

153 2424 228 2486 leilrt
253 2425 323 2485 dem
350 2425 548 2505 koniglichen
571 2428 645 2489 Orte
666 2431 794 2491 Aacheu
824 2431 902 2491 zwci
917 2435 952 2511 je
993 2447 1070 2508 gens
1092 2429 1123 2489 in
1147 2428 1203 2488 dcr
1224 2427 1371 2487 letztereu
1388 2421 1706 2487 UrlruudeAacbenl

153 2507 296 2569 vierzehn
308 2508 394 2588 Tage
409 2508 575 2569 walnende
586 2530 694 2592 grosse
705 2512 901 2574 lbbrmttrkte
913 2548 951 2557 -
993 2511 1218 2592 geraehtigkeit
1238 2508 1394 2569 verliehen
1411 2506 1539 2567 worden
1556 2507 1616 2583 sei,
1638 2505 1699 2565 wie

153 2590 363 2670 „universales
386 2591 788 2672 etsollempnesnundiuas
888 2615 951 2655 orn·
993 2593 1190 2673 gewdhulich
1227 2593 1377 2652 anuimmt
1423 2592 1467 2668 (u.
1490 2590 1649 2652 bedebur’s
1678 2587 1706 2646 A

152 2672 241 2734 nibus
271 2673 490 2732 mercatoribus
519 2674 599 2735 hauc
627 2676 747 2736 donans
769 2677 950 2755 libertatem,
993 2675 1048 2734 Bd.
1066 2676 1107 2735 tx
1130 2676 1159 2735 S.
1172 2677 1226 2752 58,
1249 2676 1346 2751 228),
1368 2675 1408 2733 ist
1429 2692 1484 2732 aus
1509 2670 1567 2732 den
1583 2670 1706 2731 Worter

152 2755 437 2815 utiuhisnundinis
460 2762 491 2815 et
511 2776 566 2835 per
587 2765 684 2820 totum
706 2779 818 2819 aunum
841 2762 871 2821 iu
890 2760 951 2821 hoc
992 2758 1181 2818 Documenta
1214 2757 1436 2835 ebensoweuig
1468 2756 1523 2814 mit
1554 2753 1706 2815 Sicherhei

151 2857 185 2897 re
226 2836 253 2896 li
270 2836 341 2898 loco
365 2837 403 2897 ab
426 2841 511 2898 omni
538 2840 683 2901 theloneo
713 2844 773 2903 sint
799 2845 950 2904 immunes
993 2841 1193 2918 entnebmen,
1231 2840 1277 2899 als
1310 2838 1380 2898 dass
1415 2839 1501 2898 darin
1531 2837 1581 2897 die
1608 2835 1706 2895 Erricl

152 2927 184 2980 et
206 2918 297 2996 iben‘,
320 2929 351 2980 ct
364 2939 420 2979 sua
432 2924 616 2982 commercia
632 2923 768 2984 vendant
790 2933 820 2985 et
837 2933 950 3004 emant,
992 2924 1077 2984 einer
1111 2944 1211 2984 neuen
1242 2923 1425 2982 Mttuzstt'stte
1463 2919 1654 3001 angeorduet
1688 2938 1706 2975 n

151 3007 243 3084 prout
258 3002 317 3082 ipsi
327 3002 496 3081 voluerint,
519 3005 620 3065 nultus
643 3015 794 3068 mereator
815 3008 865 3070 vel
879 3028 949 3088 que·
995 3008 1108 3085 (Quis,
1130 3006 1243 3068 Gesch.
1266 3004 1346 3065 Bd.l
1368 3004 1398 3064 S.
1416 3006 1492 3081 68),
1518 3002 1621 3063 indem
1643 3001 1704 3060 viel

151 3084 226 3145 libet
237 3084 298 3144 alia
308 3104 443 3165 persona
465 3087 495 3144 in
519 3087 565 3146 lris
588 3088 730 3150 nundinis
748 3099 949 3153 mercatorem
992 3089 1042 3151 die
1074 3089 1306 3170 Mttuzprttgung
1342 3106 1378 3147 zu
1408 3087 1536 3148 Aachen
1566 3085 1688 3161 weiter,

151 3168 182 3227 in
204 3186 298 3226 causa
319 3167 411 3228 ducat
431 3187 487 3248 pro
511 3170 615 3230 debito
642 3172 792 3234 solvendo
815 3175 865 3235 vel
887 3174 948 3235 alio
991 3171 1138 3233 muthlicb
1160 3172 1258 3232 bisin
1281 3171 1331 3230 die
1348 3169 1561 3250 Karlingische
1579 3165 1706 3227 Perinde

151 3249 289 3330 quolibet
309 3251 457 3331 negocia,
482 3252 564 3330 quod
586 3263 657 3314 aute
675 3256 827 3317 nundinas
841 3277 949 3338 perpe·
992 3259 1107 3319 Grote's
1128 3252 1340 3314 Mttnzstudien
1360 3251 1375 3312 1
1403 3251 1433 3313 S.
1455 3256 1513 3327 85)
1551 3249 1706 3311 zurttclrrei

151 3339 261 3392 tratum
284 3333 389 3411 tuerit3
411 3333 465 3393 sed
488 3335 514 3394 si
536 3336 566 3394 in
581 3338 723 3397 nundinis
746 3339 859 3419 aliquid
905 3359 948 3400 er·
991 3338 1124 3399 mdchte.
1504 3334 1512 3349 ⁰

149 3432 256 3495 peram
287 3416 400 3475 factum
423 3415 525 3495 luerit,
563 3419 593 3477 in
617 3419 760 3480 nundinis
781 3359 949 3482 secundum
1075 3421 1172 3496 1215,
1205 3419 1266 3479 Jul.
1288 3421 1338 3482 29.
1388 3416 1492 3497 Konig
1526 3414 1704 3477 Friedric

145 3497 301 3637 pacticiam
321 3497 502 3558 emendetur
524 3523 611 3580 ....;
634 3521 741 3563 omnes
764 3522 887 3583 quoque
909 3504 947 3563 ad
973 3501 1154 3582 ,besttttiget
1171 3500 1230 3562 den
1242 3501 1405 3563 Aaclrucrn
1426 3502 1482 3561 auf
1495 3499 1589 3560 deren
1604 3498 1707 3558 Bitteu

103 3618 107 3625 -
171 3595 205 3637 as
223 3577 382 3673 ⁸nundinas
415 3582 575 3642 venientes
609 3583 660 3643 vel
684 3584 756 3645 iude
784 3585 947 3646 redeuntes
989 3584 1107 3645 Rechts
1135 3583 1196 3644 und
1223 3584 1411 3663 Freiheiteu,
1445 3582 1564 3678 welche
1593 3580 1687 3640 ihnen

52 3682 86 3697 ··
148 3659 200 3719 vel
221 3658 333 3719 rbrdem
357 3672 584 3724 commorantes
606 3666 635 3724 in
653 3666 744 3727 rebus
762 3674 792 3726 et
806 3670 947 3748 personis
990 3666 1044 3727 der
1067 3666 1183 3727 Grosse
1205 3666 1266 3726 und
1289 3666 1403 3728 audere
1424 3665 1578 3726 romische
1591 3661 1703 3724 Kaisar

149 3739 267 3801 firmam
288 3761 398 3822 pacem
420 3744 574 3806 babcaut“
598 3770 652 3826 —3
675 3748 785 3810 orduet
806 3749 855 3810 dic
877 3750 946 3810 Pra-
988 3748 1090 3810 lieben
1120 3749 1236 3826 haben,
1272 3748 1374 3810 indem
1406 3768 1439 3809 er
1467 3768 1503 3808 zu
1527 3747 1586 3808 den
1616 3747 1657 3805 im
1687 3764 1704 3805 e

148 3843 233 3967 {ung
255 3825 340 3884 einer
360 3827 414 3885 mit
425 3826 542 3887 seinem
555 3829 686 3908 eigeuen
709 3831 769 3890 und
783 3831 946 3893 Karl'sdes
989 3831 1067 3891 Priv.
1090 3851 1151 3892 von
1176 3835 1255 3896 1166
1278 3831 1491 3910 eutlraltenen,
1518 3831 1585 3891 bier
1607 3846 1706 3890 ernam

177 3925 286 3967 rossan
307 3907 441 3969 Bildniss
463 3910 703 3988 geschmttckten
733 3933 833 3975 neuen
855 3914 946 3977 Geld-
987 3913 1402 3995 Begnadungeubinzusr'tgt:
1426 3914 1547 3994 „nullus
1558 3912 1656 3993 judex
1671 3930 1706 3971 ar

148 3995 232 4085 sorte
246 3988 301 4049 auf
313 3991 368 4050 der
382 3991 516 4051 aaohner
527 3991 710 4055 ltlttuzsttttte
728 4016 783 4075 an,
804 3997 947 4079 beseitigt
988 3996 1039 4057 vel
1060 3996 1098 4057 ab
1121 3997 1224 4077 aliquo
1239 4016 1419 4058 successore
1439 4003 1546 4058 nostro
1561 3995 1658 4075 Aquis
1675 4011 1706 4054 ce

148 4089 238 4133 emen
267 4071 349 4133 alten
371 4072 586 4135 Volksbrauch
613 4077 774 4139 seltsamer
792 4080 864 4158 Art,
896 4081 946 4142 die
989 4085 1069 4140 tutus
1096 4087 1202 4140 nostra
1229 4080 1279 4140 vel
1306 4099 1362 4140 sua
1382 4081 1563 4141 auctoritate
1584 4078 1636 4140 vel
1658 4076 1706 4136 alit

147 4152 322 4236 Reiuigung
350 4174 411 4216 von
438 4155 749 4241 Anscbuldiguugen,
776 4161 945 4225 besonders
988 4162 1175 4223 successoris
1197 4163 1310 4241 nostri,
1332 4163 1413 4243 regis
1434 4163 1484 4223 vel
1500 4160 1706 4241 imperatoris,

147 4255 259 4320 wagan
280 4238 512 4320 Vertaumdung
533 4240 703 4302 betretleud
725 4279 765 4288 —
789 4256 945 4323 „ceterum
987 4245 1058 4306 liam
1077 4245 1303 4325 velprecariam
1316 4246 1347 4305 in
1358 4245 1514 4326 predict-os
1530 4248 1613 4306 cives
1623 4244 1706 4321 Aque

148 4322 220 4400 quia
242 4320 374 4401 quedam
395 4321 502 4382 abusio
528 4341 585 4402 pro
607 4323 703 4407 longa
725 4329 945 4390 cousuetudine
987 4328 1093 4406 faeiat,
1126 4347 1184 4389 nec
1211 4347 1265 4389 eos
1287 4327 1325 4387 ad
1349 4327 1462 4408 aliquid
1486 4328 1619 4388 dandum
1641 4328 1706 4407 regi

146 4404 177 4463 in
193 4404 311 4485 populo
334 4405 462 4483 aquensi
485 4403 585 4465 locum
603 4409 728 4486 justicie
744 4409 890 4491 obtinuit,
912 4421 945 4473 ut
986 4412 1163 4491 imperatori
1191 4410 1373 4491 compellat,
1404 4412 1462 4471 nisi
1484 4419 1630 4491 quantum
1652 4412 1706 4494 ipsi

147 4485 199 4566 qui
221 4485 260 4546 de
282 4486 456 4566 calumpnia
482 4487 531 4548 vel
553 4489 656 4570 aliqua
677 4511 711 4552 re
732 4494 944 4575 impetebatur,
986 4494 1098 4554 luerint
1124 4493 1226 4554 tacere
1251 4493 1290 4554 de
1316 4493 1400 4554 bona
1426 4493 1594 4555 voluntate.
1637 4496 1705 4578 luju

146 4585 209 4630 non
230 4576 353 4650 poterat
374 4571 610 4650 expurgaeiouis
633 4593 688 4634 sue
707 4576 944 4639 satisdaeionem
986 4578 1078 4637 etiam
1096 4581 1127 4636 et
1140 4575 1279 4636 illicitam
1294 4576 1605 4656 cousuetudinem2),
1628 4597 1706 4658 quau

146 4649 272 4726 offerre,
301 4653 359 4711 nisi
386 4671 443 4731 per
464 4652 627 4734 festucam,
662 4676 753 4736 quam
781 4660 943 4722 inclinatus
985 4658 1069 4719 dices
1098 4657 1283 4738 quandoque
1309 4657 1452 4720 solebant
1477 4661 1618 4740 accipere
1640 4682 1659 4722 a
1680 4683 1706 4720 vr

145 4730 185 4793 dc
206 4740 287 4793 terra
308 4733 456 4815 levasset,
486 4756 578 4815 quam
606 4740 631 4798 si
654 4740 753 4825 subito
776 4762 838 4803 non
861 4745 943 4804 inve·
985 4741 1101 4802 toribus
1122 4741 1211 4821 panis
1240 4747 1272 4803 et
1293 4742 1422 4804 cervisie
1441 4744 1473 4804 iu
1494 4762 1663 4824 gravamen
1684 4752 1706 4806 t<

145 4816 257 4893 nisset,
278 4816 310 4875 in
332 4836 443 4897 penam
467 4821 700 4899 compositionis
722 4823 850 4886 decidit:
877 4827 942 4887 Nos
985 4824 1125 4901 civitatis,
1138 4822 1260 4903 penitus
1274 4842 1463 4886 amovemus.
1478 4825 1706 4888 Renovamuse

144 4896 225 4959 hanc
245 4899 381 4978 iniquam
398 4900 499 4981 legem
513 4911 664 4983 perpetuo
679 4907 943 4988 condempnantes
984 4907 1028 4968 eis
1051 4913 1082 4967 et
1100 4904 1326 4986 confirmamus,
1348 4912 1382 4985 ut
1401 4908 1502 4968 nullus
1524 4919 1706 4988 prenotatos

142 4979 293 5077 imperiali
320 4985 501 5045 auctoritate
530 4988 704 5067 statuimus,
741 4991 824 5070 qnod
851 4991 944 5053 liceat
984 4995 1064 5050 atros
1093 4989 1176 5049 cives
1205 4989 1368 5068 Aquenses
1402 4989 1442 5051 ad
1469 4990 1594 5072 aliquod
1624 4994 1705 5053 servi

143 5079 306 5144 auremque
331 5066 362 5125 in
392 5065 452 5126 boe
480 5075 587 5130 nostro
614 5072 711 5151 regali
741 5072 812 5133 loco
841 5075 940 5154 aquis·
982 5071 1061 5132 ultra
1082 5071 1225 5152 progredi
1247 5071 1426 5152 compellat,
1463 5093 1554 5153 quam
1575 5081 1609 5134 ut
1630 5076 1698 5156 ipso

142 5147 231 5242 graui
252 5165 307 5226 pro
330 5148 467 5227 qualibet
488 5167 595 5231 causa,
619 5171 680 5232 qua
700 5154 856 5234 impetitus
878 5157 940 5217 fue·
982 5172 1043 5234 quc
1066 5154 1149 5214 clara
1169 5154 1238 5214 luce
1259 5155 1297 5214 de
1311 5155 1452 5217 domibus
1465 5159 1528 5218 suis
1541 5159 1688 5237 exierint,

143 5233 197 5307 nt,
225 5233 485 5312 expurgaeionem
515 5252 601 5294 suam
630 5235 740 5297 offerre
766 5257 823 5318 per
844 5238 939 5319 quod·

141 5308 218 5376 libet
250 5312 301 5376 vel
334 5315 511 5399 minimum,
546 5317 630 5400 quod
651 5317 690 5382 ds
712 5320 860 5386 mantello
888 5322 939 5386 vel
1035 5335 1068 5407 2)
1088 5335 1218 5410 Abgabe,
1238 5353 1260 5394 a.
1280 5336 1381 5407 zdplt’s
1397 5337 1515 5396 Alterth.
1534 5338 1558 5409 1,
1581 5339 1648 5411 193,
1666 5339 1706 5399 27:
