<?xml version="1.0" encoding="UTF-8"?>
<!DOCTYPE html PUBLIC "-//W3C//DTD XHTML 1.0 Transitional//EN"
    "http://www.w3.org/TR/xhtml1/DTD/xhtml1-transitional.dtd">
<html xmlns="http://www.w3.org/1999/xhtml" xml:lang="en" lang="en">
 <head>
  <title>
</title>
<meta http-equiv="Content-Type" content="text/html;charset=utf-8" />
  <meta name='ocr-system' content='tesseract 3.04.00' />
  <meta name='ocr-capabilities' content='ocr_page ocr_carea ocr_par ocr_line ocrx_word'/>
</head>
<body>
  <div class='ocr_page' id='page_1' title='image "./codexjurismunic00genggoog_0148.png"; bbox 0 0 3548 5826; ppageno 0'>
   <div class='ocr_carea' id='block_1_1' title="bbox 1488 286 1547 355">
    <p class='ocr_par' dir='ltr' id='par_1_1' title="bbox 1488 286 1547 355">
     <span class='ocr_line' id='line_1_1' title="bbox 1488 286 1547 355; baseline 0.051 -4"><span class='ocrx_word' id='word_1_1' title='bbox 1488 286 1547 355; x_wconf 85' lang='grc'>129</span> 
     </span>
    </p>
   </div>
   <div class='ocr_carea' id='block_1_2' title="bbox 70 439 1683 5357">
    <p class='ocr_par' dir='ltr' id='par_1_2' title="bbox 70 439 1683 5278">
     <span class='ocr_line' id='line_1_2' title="bbox 70 439 1547 524; baseline 0.001 -22"><span class='ocrx_word' id='word_1_2' title='bbox 70 461 87 502; x_wconf 86' lang='lat' dir='ltr'>e</span> <span class='ocrx_word' id='word_1_3' title='bbox 121 441 277 520; x_wconf 91' lang='lat' dir='ltr'>„locum</span> <span class='ocrx_word' id='word_1_4' title='bbox 311 442 429 521; x_wconf 87' lang='lat' dir='ltr'>ipsum,</span> <span class='ocrx_word' id='word_1_5' title='bbox 459 441 490 500; x_wconf 93' lang='lat' dir='ltr'>iu</span> <span class='ocrx_word' id='word_1_6' title='bbox 513 458 573 519; x_wconf 92' lang='lat' dir='ltr'>quo</span> <span class='ocrx_word' id='word_1_7' title='bbox 595 439 714 520; x_wconf 85' lang='lat' dir='ltr'>prefata</span> <span class='ocrx_word' id='word_1_8' title='bbox 753 443 829 502; x_wconf 84' lang='lat' dir='ltr'>riem</span> <span class='ocrx_word' id='word_1_9' title='bbox 851 442 965 503; x_wconf 86' lang='lat' dir='ltr'>fecerit.</span> <span class='ocrx_word' id='word_1_10' title='bbox 1005 440 1045 502; x_wconf 83' lang='lat' dir='ltr'>Et</span> <span class='ocrx_word' id='word_1_11' title='bbox 1065 443 1090 502; x_wconf 92' lang='lat' dir='ltr'>si</span> <span class='ocrx_word' id='word_1_12' title='bbox 1113 441 1254 503; x_wconf 87' lang='lat' dir='ltr'>domiuus</span> <span class='ocrx_word' id='word_1_13' title='bbox 1276 444 1443 524; x_wconf 89' lang='lat' dir='ltr'>imperator</span> <span class='ocrx_word' id='word_1_14' title='bbox 1464 445 1547 506; x_wconf 89' lang='lat' dir='ltr'>Basi-</span> 
     </span>
     <span class='ocr_line' id='line_1_3' title="bbox 70 522 1548 608; baseline 0.001 -22"><span class='ocrx_word' id='word_1_15' title='bbox 70 532 233 587; x_wconf 85' lang='lat' dir='ltr'>ustructa</span> <span class='ocrx_word' id='word_1_16' title='bbox 266 532 338 603; x_wconf 89' lang='lat' dir='ltr'>est,</span> <span class='ocrx_word' id='word_1_17' title='bbox 368 542 434 584; x_wconf 93' lang='lat' dir='ltr'>cum</span> <span class='ocrx_word' id='word_1_18' title='bbox 462 522 602 584; x_wconf 88' lang='lat' dir='ltr'>omuibus</span> <span class='ocrx_word' id='word_1_19' title='bbox 624 523 713 604; x_wconf 89' lang='lat' dir='ltr'>perti-</span> <span class='ocrx_word' id='word_1_20' title='bbox 755 525 833 585; x_wconf 88' lang='lat' dir='ltr'>leam</span> <span class='ocrx_word' id='word_1_21' title='bbox 851 525 978 604; x_wconf 79' lang='lat' dir='ltr'>venerit,</span> <span class='ocrx_word' id='word_1_22' title='bbox 1000 524 1050 585; x_wconf 86' lang='lat' dir='ltr'>vel</span> <span class='ocrx_word' id='word_1_23' title='bbox 1068 544 1102 585; x_wconf 90' lang='lat' dir='ltr'>se</span> <span class='ocrx_word' id='word_1_24' title='bbox 1118 532 1277 586; x_wconf 85' lang='lat' dir='ltr'>venturum</span> <span class='ocrx_word' id='word_1_25' title='bbox 1294 529 1548 608; x_wconf 80' lang='lat' dir='ltr'>pronunciaverit,</span> 
     </span>
     <span class='ocr_line' id='line_1_4' title="bbox 70 604 1548 691; baseline 0 -20"><span class='ocrx_word' id='word_1_26' title='bbox 70 610 97 670; x_wconf 84' lang='lat'>·‘.</span> <span class='ocrx_word' id='word_1_27' title='bbox 145 610 321 671; x_wconf 60' lang='grc' dir='ltr'>11ουί1111</span> <span class='ocrx_word' id='word_1_28' title='bbox 343 607 363 667; x_wconf 95' lang='lat' dir='ltr'>l.</span> <span class='ocrx_word' id='word_1_29' title='bbox 385 626 412 670; x_wconf 85' lang='lat' dir='ltr'>o.</span> <span class='ocrx_word' id='word_1_30' title='bbox 434 606 521 667; x_wconf 83' lang='lat' dir='ltr'>Tem.</span> <span class='ocrx_word' id='word_1_31' title='bbox 543 605 558 666; x_wconf 95' lang='lat'><em>1</em></span> <span class='ocrx_word' id='word_1_32' title='bbox 579 604 631 666; x_wconf 89' lang='lat' dir='ltr'>Nr.</span> <span class='ocrx_word' id='word_1_33' title='bbox 655 605 712 670; x_wconf 87' lang='grc'>182</span> <span class='ocrx_word' id='word_1_34' title='bbox 775 607 896 687; x_wconf 90' lang='lat' dir='ltr'>nicquid</span> <span class='ocrx_word' id='word_1_35' title='bbox 924 606 1064 669; x_wconf 83' lang='lat' dir='ltr'>beneficii</span> <span class='ocrx_word' id='word_1_36' title='bbox 1086 608 1253 688; x_wconf 78' lang='lat' dir='ltr'>burgenses</span> <span class='ocrx_word' id='word_1_37' title='bbox 1275 611 1421 691; x_wconf 91' lang='lat' dir='ltr'>episcopo</span> <span class='ocrx_word' id='word_1_38' title='bbox 1443 612 1548 690; x_wconf 88' lang='lat' dir='ltr'>inpen-</span> 
     </span>
     <span class='ocr_line' id='line_1_5' title="bbox 70 628 1547 773; baseline 0 -19"><span class='ocrx_word' id='word_1_39' title='bbox 70 739 78 754; x_wconf 93' lang='lat'>.</span> <span class='ocrx_word' id='word_1_40' title='bbox 112 691 203 773; x_wconf 79' lang='lat' dir='ltr'>vgl.</span> <span class='ocrx_word' id='word_1_41' title='bbox 222 694 315 755; x_wconf 77' lang='lat' dir='ltr'>chs</span> <span class='ocrx_word' id='word_1_42' title='bbox 336 688 712 753; x_wconf 67' lang='lat' dir='ltr'>ascodrobos.</span> <span class='ocrx_word' id='word_1_43' title='bbox 755 628 867 770; x_wconf 76' lang='lat' dir='ltr'>derint,</span> <span class='ocrx_word' id='word_1_44' title='bbox 902 692 933 751; x_wconf 93' lang='lat' dir='ltr'>in</span> <span class='ocrx_word' id='word_1_45' title='bbox 965 710 1003 752; x_wconf 92' lang='lat' dir='ltr'>eo</span> <span class='ocrx_word' id='word_1_46' title='bbox 1036 691 1077 751; x_wconf 91' lang='lat' dir='ltr'>nil</span> <span class='ocrx_word' id='word_1_47' title='bbox 1107 692 1183 772; x_wconf 91' lang='lat' dir='ltr'>juris</span> <span class='ocrx_word' id='word_1_48' title='bbox 1213 692 1381 754; x_wconf 86' lang='lat' dir='ltr'>advocatus</span> <span class='ocrx_word' id='word_1_49' title='bbox 1415 693 1547 755; x_wconf 90' lang='lat' dir='ltr'>habebit.</span> 
     </span>
     <span class='ocr_line' id='line_1_6' title="bbox 70 771 1548 857; baseline 0 -20"><span class='ocrx_word' id='word_1_50' title='bbox 70 777 188 857; x_wconf 83' lang='lat' dir='ltr'>April.</span> <span class='ocrx_word' id='word_1_51' title='bbox 252 774 370 834; x_wconf 80' lang='lat' dir='ltr'>Kaiser</span> <span class='ocrx_word' id='word_1_52' title='bbox 389 771 580 833; x_wconf 79' lang='lat' dir='ltr'>Friedrich</span> <span class='ocrx_word' id='word_1_53' title='bbox 602 771 625 833; x_wconf 92' lang='lat' dir='ltr'>l.</span> <span class='ocrx_word' id='word_1_54' title='bbox 647 771 714 832; x_wconf 88' lang='lat' dir='ltr'>thut</span> <span class='ocrx_word' id='word_1_55' title='bbox 753 774 829 835; x_wconf 89' lang='lat' dir='ltr'>ltem</span> <span class='ocrx_word' id='word_1_56' title='bbox 857 775 883 834; x_wconf 89' lang='lat' dir='ltr'>si</span> <span class='ocrx_word' id='word_1_57' title='bbox 911 775 1074 855; x_wconf 87' lang='lat' dir='ltr'>episcopus</span> <span class='ocrx_word' id='word_1_58' title='bbox 1102 784 1134 835; x_wconf 91' lang='lat' dir='ltr'>et</span> <span class='ocrx_word' id='word_1_59' title='bbox 1153 772 1320 836; x_wconf 88' lang='lat' dir='ltr'>advocatus</span> <span class='ocrx_word' id='word_1_60' title='bbox 1347 777 1436 837; x_wconf 91' lang='lat' dir='ltr'>simul</span> <span class='ocrx_word' id='word_1_61' title='bbox 1463 777 1548 838; x_wconf 89' lang='lat' dir='ltr'>sede·</span> 
     </span>
     <span class='ocr_line' id='line_1_7' title="bbox 70 854 1548 940; baseline 0.001 -22"><span class='ocrx_word' id='word_1_62' title='bbox 70 859 223 940; x_wconf 82' lang='lat' dir='ltr'>·Vogte</span> <span class='ocrx_word' id='word_1_63' title='bbox 248 857 388 918; x_wconf 84' lang='lat' dir='ltr'>Werner</span> <span class='ocrx_word' id='word_1_64' title='bbox 414 855 473 916; x_wconf 92' lang='lat' dir='ltr'>und</span> <span class='ocrx_word' id='word_1_65' title='bbox 502 855 584 916; x_wconf 90' lang='lat' dir='ltr'>allen</span> <span class='ocrx_word' id='word_1_66' title='bbox 606 854 712 932; x_wconf 80' lang='lat' dir='ltr'>„baro</span> <span class='ocrx_word' id='word_1_67' title='bbox 754 859 813 917; x_wconf 89' lang='lat' dir='ltr'>rint</span> <span class='ocrx_word' id='word_1_68' title='bbox 845 859 875 918; x_wconf 90' lang='lat' dir='ltr'>in</span> <span class='ocrx_word' id='word_1_69' title='bbox 914 858 988 919; x_wconf 88' lang='lat' dir='ltr'>sede</span> <span class='ocrx_word' id='word_1_70' title='bbox 1021 856 1199 937; x_wconf 87' lang='lat' dir='ltr'>judiciaria,</span> <span class='ocrx_word' id='word_1_71' title='bbox 1243 857 1410 920; x_wconf 91' lang='lat' dir='ltr'>advocatus</span> <span class='ocrx_word' id='word_1_72' title='bbox 1451 860 1548 939; x_wconf 88' lang='lat' dir='ltr'>judex</span> 
     </span>
     <span class='ocr_line' id='line_1_8' title="bbox 70 937 1548 1022; baseline -0.001 -19"><span class='ocrx_word' id='word_1_73' title='bbox 70 943 255 1003; x_wconf 70' lang='lat' dir='ltr'>isteriales</span> <span class='ocrx_word' id='word_1_74' title='bbox 282 940 416 1001; x_wconf 79' lang='lat' dir='ltr'>ecclesie</span> <span class='ocrx_word' id='word_1_75' title='bbox 442 939 640 1000; x_wconf 86' lang='lat' dir='ltr'>Basiliensis“</span> <span class='ocrx_word' id='word_1_76' title='bbox 667 937 712 997; x_wconf 90' lang='lat' dir='ltr'>als</span> <span class='ocrx_word' id='word_1_77' title='bbox 755 941 813 1001; x_wconf 87' lang='lat' dir='ltr'>erit</span> <span class='ocrx_word' id='word_1_78' title='bbox 832 942 1008 1002; x_wconf 85' lang='lat' dir='ltr'>temeritatis</span> <span class='ocrx_word' id='word_1_79' title='bbox 1031 948 1062 1001; x_wconf 88' lang='lat' dir='ltr'>ct</span> <span class='ocrx_word' id='word_1_80' title='bbox 1081 941 1160 1017; x_wconf 83' lang='lat' dir='ltr'>furti,</span> <span class='ocrx_word' id='word_1_81' title='bbox 1183 947 1214 1001; x_wconf 90' lang='lat' dir='ltr'>et</span> <span class='ocrx_word' id='word_1_82' title='bbox 1235 960 1325 1001; x_wconf 89' lang='lat' dir='ltr'>mauu</span> <span class='ocrx_word' id='word_1_83' title='bbox 1341 944 1548 1022; x_wconf 89' lang='lat' dir='ltr'>propriareci-</span> 
     </span>
     <span class='ocr_line' id='line_1_9' title="bbox 70 1020 1548 1107; baseline -0.001 -20"><span class='ocrx_word' id='word_1_84' title='bbox 70 1028 109 1087; x_wconf 82' lang='lat' dir='ltr'>s“</span> <span class='ocrx_word' id='word_1_85' title='bbox 136 1047 183 1086; x_wconf 82' lang='lat' dir='ltr'>zu</span> <span class='ocrx_word' id='word_1_86' title='bbox 210 1026 342 1102; x_wconf 89' lang='lat' dir='ltr'>wissen,</span> <span class='ocrx_word' id='word_1_87' title='bbox 365 1022 435 1082; x_wconf 82' lang='lat' dir='ltr'>dass</span> <span class='ocrx_word' id='word_1_88' title='bbox 456 1023 487 1082; x_wconf 95' lang='lat' dir='ltr'>iu</span> <span class='ocrx_word' id='word_1_89' title='bbox 508 1022 605 1103; x_wconf 86' lang='lat' dir='ltr'>Fulge</span> <span class='ocrx_word' id='word_1_90' title='bbox 627 1020 713 1082; x_wconf 93' lang='lat' dir='ltr'>erho-</span> <span class='ocrx_word' id='word_1_91' title='bbox 754 1025 820 1107; x_wconf 90' lang='lat' dir='ltr'>piet</span> <span class='ocrx_word' id='word_1_92' title='bbox 845 1025 1095 1105; x_wconf 76' lang='lat' dir='ltr'>compositiones.</span> <span class='ocrx_word' id='word_1_93' title='bbox 1138 1024 1225 1084; x_wconf 91' lang='lat' dir='ltr'>Duae</span> <span class='ocrx_word' id='word_1_94' title='bbox 1258 1032 1360 1103; x_wconf 90' lang='lat' dir='ltr'>partes</span> <span class='ocrx_word' id='word_1_95' title='bbox 1382 1034 1452 1085; x_wconf 91' lang='lat' dir='ltr'>sunt</span> <span class='ocrx_word' id='word_1_96' title='bbox 1472 1028 1548 1105; x_wconf 90' lang='lat' dir='ltr'>epis·</span> 
     </span>
     <span class='ocr_line' id='line_1_10' title="bbox 70 1103 1548 1186; baseline -0.001 -16"><span class='ocrx_word' id='word_1_97' title='bbox 70 1108 231 1170; x_wconf 70' lang='lat' dir='ltr'>shwerde</span> <span class='ocrx_word' id='word_1_98' title='bbox 266 1106 397 1167; x_wconf 85' lang='lat' dir='ltr'>Bischos</span> <span class='ocrx_word' id='word_1_99' title='bbox 421 1105 534 1186; x_wconf 84' lang='lat' dir='ltr'>Hugo&#39;s</span> <span class='ocrx_word' id='word_1_100' title='bbox 566 1123 627 1164; x_wconf 90' lang='lat' dir='ltr'>von</span> <span class='ocrx_word' id='word_1_101' title='bbox 654 1103 713 1163; x_wconf 88' lang='lat' dir='ltr'>Ha-</span> <span class='ocrx_word' id='word_1_102' title='bbox 756 1107 839 1186; x_wconf 91' lang='lat' dir='ltr'>copi,</span> <span class='ocrx_word' id='word_1_103' title='bbox 869 1109 958 1167; x_wconf 86' lang='lat' dir='ltr'>tertia</span> <span class='ocrx_word' id='word_1_104' title='bbox 988 1126 1058 1186; x_wconf 88' lang='lat' dir='ltr'>pars</span> <span class='ocrx_word' id='word_1_105' title='bbox 1089 1107 1184 1186; x_wconf 87' lang='lat' dir='ltr'>ipsius</span> <span class='ocrx_word' id='word_1_106' title='bbox 1213 1104 1365 1168; x_wconf 84' lang='lat' dir='ltr'>advocati.</span> <span class='ocrx_word' id='word_1_107' title='bbox 1416 1108 1447 1168; x_wconf 82' lang='lat' dir='ltr'>Si</span> <span class='ocrx_word' id='word_1_108' title='bbox 1474 1128 1548 1169; x_wconf 88' lang='lat' dir='ltr'>vero</span> 
     </span>
     <span class='ocr_line' id='line_1_11' title="bbox 70 1186 1550 1272; baseline 0 -21"><span class='ocrx_word' id='word_1_109' title='bbox 70 1200 86 1268; x_wconf 77' lang='grc' dir='ltr'>ι-</span> <span class='ocrx_word' id='word_1_110' title='bbox 112 1192 228 1272; x_wconf 77' lang='lat'>1177)</span> <span class='ocrx_word' id='word_1_111' title='bbox 255 1210 296 1270; x_wconf 90' lang='lat' dir='ltr'>„a</span> <span class='ocrx_word' id='word_1_112' title='bbox 317 1190 434 1250; x_wconf 87' lang='lat' dir='ltr'>cunctis</span> <span class='ocrx_word' id='word_1_113' title='bbox 448 1187 633 1269; x_wconf 88' lang='lat' dir='ltr'>principibus</span> <span class='ocrx_word' id='word_1_114' title='bbox 655 1186 714 1247; x_wconf 91' lang='lat' dir='ltr'>cle·</span> <span class='ocrx_word' id='word_1_115' title='bbox 756 1190 923 1251; x_wconf 77' lang='lat' dir='ltr'>advocatus</span> <span class='ocrx_word' id='word_1_116' title='bbox 939 1192 1050 1251; x_wconf 79' lang='lat' dir='ltr'>absens</span> <span class='ocrx_word' id='word_1_117' title='bbox 1063 1189 1161 1269; x_wconf 86' lang='lat' dir='ltr'>fuerit,</span> <span class='ocrx_word' id='word_1_118' title='bbox 1183 1191 1344 1270; x_wconf 92' lang='lat' dir='ltr'>episcopus</span> <span class='ocrx_word' id='word_1_119' title='bbox 1362 1193 1465 1251; x_wconf 89' lang='lat' dir='ltr'>omniu</span> <span class='ocrx_word' id='word_1_120' title='bbox 1481 1210 1550 1251; x_wconf 91' lang='lat' dir='ltr'>cum</span> 
     </span>
     <span class='ocr_line' id='line_1_12' title="bbox 70 1262 1683 1356; baseline -0.002 -19"><span class='ocrx_word' id='word_1_121' title='bbox 70 1278 142 1354; x_wconf 84' lang='lat' dir='ltr'>icis,</span> <span class='ocrx_word' id='word_1_122' title='bbox 169 1277 227 1356; x_wconf 93' lang='lat' dir='ltr'>qui</span> <span class='ocrx_word' id='word_1_123' title='bbox 246 1273 422 1334; x_wconf 89' lang='lat' dir='ltr'>aderantin</span> <span class='ocrx_word' id='word_1_124' title='bbox 436 1271 518 1349; x_wconf 91' lang='lat' dir='ltr'>loco,</span> <span class='ocrx_word' id='word_1_125' title='bbox 540 1271 590 1352; x_wconf 92' lang='lat' dir='ltr'>qui</span> <span class='ocrx_word' id='word_1_126' title='bbox 607 1270 715 1331; x_wconf 91' lang='lat' dir='ltr'>dicitur</span> <span class='ocrx_word' id='word_1_127' title='bbox 756 1274 930 1354; x_wconf 85' lang='lat' dir='ltr'>integritate</span> <span class='ocrx_word' id='word_1_128' title='bbox 946 1272 1097 1354; x_wconf 86' lang='lat' dir='ltr'>judicabit</span> <span class='ocrx_word' id='word_1_129' title='bbox 1117 1280 1149 1333; x_wconf 89' lang='lat' dir='ltr'>et</span> <span class='ocrx_word' id='word_1_130' title='bbox 1168 1292 1260 1333; x_wconf 88' lang='lat' dir='ltr'>mauu</span> <span class='ocrx_word' id='word_1_131' title='bbox 1280 1275 1405 1353; x_wconf 89' lang='lat' dir='ltr'>propria</span> <span class='ocrx_word' id='word_1_132' title='bbox 1424 1276 1552 1356; x_wconf 85' lang='lat' dir='ltr'>recipiet</span> <span class='ocrx_word' id='word_1_133' title='bbox 1673 1262 1683 1291; x_wconf 86' lang='grc'><strong>’</strong></span> 
     </span>
     <span class='ocr_line' id='line_1_13' title="bbox 70 1354 1550 1440; baseline -0.002 -19"><span class='ocrx_word' id='word_1_134' title='bbox 70 1382 99 1439; x_wconf 85' lang='lat' dir='ltr'>r,</span> <span class='ocrx_word' id='word_1_135' title='bbox 137 1379 201 1440; x_wconf 92' lang='lat' dir='ltr'>per</span> <span class='ocrx_word' id='word_1_136' title='bbox 224 1357 407 1418; x_wconf 80' lang='lat' dir='ltr'>fidelitatem</span> <span class='ocrx_word' id='word_1_137' title='bbox 431 1354 486 1429; x_wconf 88' lang='lat' dir='ltr'>(ab</span> <span class='ocrx_word' id='word_1_138' title='bbox 509 1356 713 1434; x_wconf 83' lang='lat' dir='ltr'>imperatore)</span> <span class='ocrx_word' id='word_1_139' title='bbox 756 1357 1006 1437; x_wconf 76' lang='lat' dir='ltr'>compositiones,</span> <span class='ocrx_word' id='word_1_140' title='bbox 1029 1376 1155 1436; x_wconf 90' lang='lat' dir='ltr'>quarum</span> <span class='ocrx_word' id='word_1_141' title='bbox 1173 1357 1263 1417; x_wconf 88' lang='lat' dir='ltr'>tertia</span> <span class='ocrx_word' id='word_1_142' title='bbox 1276 1376 1347 1437; x_wconf 88' lang='lat' dir='ltr'>pars</span> <span class='ocrx_word' id='word_1_143' title='bbox 1369 1356 1409 1418; x_wconf 84' lang='lat' dir='ltr'>ad</span> <span class='ocrx_word' id='word_1_144' title='bbox 1423 1362 1550 1437; x_wconf 83' lang='lat' dir='ltr'>josper-</span> 
     </span>
     <span class='ocr_line' id='line_1_14' title="bbox 70 1437 1550 1523; baseline -0.003 -19"><span class='ocrx_word' id='word_1_145' title='bbox 70 1465 90 1504; x_wconf 84' lang='lat' dir='ltr'>s</span> <span class='ocrx_word' id='word_1_146' title='bbox 122 1441 306 1523; x_wconf 84' lang='lat' dir='ltr'>judicatum</span> <span class='ocrx_word' id='word_1_147' title='bbox 341 1446 403 1500; x_wconf 87' lang='lat' dir='ltr'>est:</span> <span class='ocrx_word' id='word_1_148' title='bbox 435 1437 517 1517; x_wconf 91' lang='lat' dir='ltr'>quod</span> <span class='ocrx_word' id='word_1_149' title='bbox 550 1438 714 1518; x_wconf 87' lang='lat' dir='ltr'>episcopus</span> <span class='ocrx_word' id='word_1_150' title='bbox 757 1441 833 1501; x_wconf 89' lang='lat' dir='ltr'>tinet</span> <span class='ocrx_word' id='word_1_151' title='bbox 863 1439 1014 1502; x_wconf 87' lang='lat' dir='ltr'>advocati.</span> <span class='ocrx_word' id='word_1_152' title='bbox 1074 1438 1229 1500; x_wconf 88' lang='lat' dir='ltr'>Beneficia</span> <span class='ocrx_word' id='word_1_153' title='bbox 1258 1441 1391 1520; x_wconf 90' lang='lat' dir='ltr'>quinque</span> <span class='ocrx_word' id='word_1_154' title='bbox 1424 1441 1550 1501; x_wconf 84' lang='lat' dir='ltr'>militurn</span> 
     </span>
     <span class='ocr_line' id='line_1_15' title="bbox 91 1520 1551 1605; baseline -0.002 -18"><span class='ocrx_word' id='word_1_155' title='bbox 91 1527 160 1587; x_wconf 88' lang='lat' dir='ltr'>sibi</span> <span class='ocrx_word' id='word_1_156' title='bbox 198 1528 408 1605; x_wconf 86' lang='lat' dir='ltr'>cujuscunque</span> <span class='ocrx_word' id='word_1_157' title='bbox 429 1522 489 1583; x_wconf 93' lang='lat' dir='ltr'>loci</span> <span class='ocrx_word' id='word_1_158' title='bbox 515 1520 714 1582; x_wconf 78' lang='lat' dir='ltr'>advocaciam</span> <span class='ocrx_word' id='word_1_159' title='bbox 756 1525 920 1604; x_wconf 88' lang='lat' dir='ltr'>episcopus</span> <span class='ocrx_word' id='word_1_160' title='bbox 939 1522 996 1584; x_wconf 89' lang='lat' dir='ltr'>sibi</span> <span class='ocrx_word' id='word_1_161' title='bbox 1006 1523 1129 1584; x_wconf 89' lang='lat' dir='ltr'>retinuit</span> <span class='ocrx_word' id='word_1_162' title='bbox 1140 1530 1172 1591; x_wconf 84' lang='lat' dir='ltr'>et</span> <span class='ocrx_word' id='word_1_163' title='bbox 1184 1524 1365 1584; x_wconf 76' lang='lat' dir='ltr'>territorium</span> <span class='ocrx_word' id='word_1_164' title='bbox 1377 1542 1468 1604; x_wconf 89' lang='lat' dir='ltr'>supra</span> <span class='ocrx_word' id='word_1_165' title='bbox 1483 1543 1551 1604; x_wconf 91' lang='lat' dir='ltr'>por-</span> 
     </span>
     <span class='ocr_line' id='line_1_16' title="bbox 70 1604 1551 1688; baseline -0.002 -18"><span class='ocrx_word' id='word_1_166' title='bbox 70 1630 120 1670; x_wconf 89' lang='lat' dir='ltr'>nu</span> <span class='ocrx_word' id='word_1_167' title='bbox 141 1628 213 1684; x_wconf 86' lang='lat' dir='ltr'>sua,</span> <span class='ocrx_word' id='word_1_168' title='bbox 236 1614 472 1688; x_wconf 89' lang='lat' dir='ltr'>quantocunque</span> <span class='ocrx_word' id='word_1_169' title='bbox 486 1604 551 1666; x_wconf 85' lang='lat' dir='ltr'>vult</span> <span class='ocrx_word' id='word_1_170' title='bbox 566 1612 713 1684; x_wconf 88' lang='lat' dir='ltr'>tempore,</span> <span class='ocrx_word' id='word_1_171' title='bbox 755 1614 827 1668; x_wconf 89' lang='lat' dir='ltr'>tam.</span> <span class='ocrx_word' id='word_1_172' title='bbox 870 1606 1036 1667; x_wconf 74' lang='lat' dir='ltr'>Trecentos</span> <span class='ocrx_word' id='word_1_173' title='bbox 1068 1625 1185 1666; x_wconf 87' lang='lat' dir='ltr'>marcas</span> <span class='ocrx_word' id='word_1_174' title='bbox 1208 1609 1354 1687; x_wconf 86' lang='lat' dir='ltr'>episcopo</span> <span class='ocrx_word' id='word_1_175' title='bbox 1378 1615 1410 1668; x_wconf 91' lang='lat' dir='ltr'>et</span> <span class='ocrx_word' id='word_1_176' title='bbox 1429 1616 1551 1668; x_wconf 92' lang='lat' dir='ltr'>centum</span> 
     </span>
     <span class='ocr_line' id='line_1_17' title="bbox 70 1686 1551 1771; baseline -0.003 -16"><span class='ocrx_word' id='word_1_177' title='bbox 70 1702 179 1771; x_wconf 79' lang='lat' dir='ltr'>otest,</span> <span class='ocrx_word' id='word_1_178' title='bbox 211 1690 260 1751; x_wconf 89' lang='lat' dir='ltr'>vel</span> <span class='ocrx_word' id='word_1_179' title='bbox 285 1689 337 1750; x_wconf 89' lang='lat' dir='ltr'>alii</span> <span class='ocrx_word' id='word_1_180' title='bbox 367 1689 535 1767; x_wconf 87' lang='lat' dir='ltr'>cuicunque</span> <span class='ocrx_word' id='word_1_181' title='bbox 557 1686 644 1766; x_wconf 90' lang='lat' dir='ltr'>dare,</span> <span class='ocrx_word' id='word_1_182' title='bbox 670 1687 714 1747; x_wconf 89' lang='lat' dir='ltr'>ita</span> <span class='ocrx_word' id='word_1_183' title='bbox 755 1690 845 1752; x_wconf 88' lang='lat' dir='ltr'>libras</span> <span class='ocrx_word' id='word_1_184' title='bbox 875 1690 1004 1750; x_wconf 90' lang='lat' dir='ltr'>consilio</span> <span class='ocrx_word' id='word_1_185' title='bbox 1035 1689 1108 1750; x_wconf 87' lang='lat' dir='ltr'>dare</span> <span class='ocrx_word' id='word_1_186' title='bbox 1134 1688 1227 1750; x_wconf 89' lang='lat' dir='ltr'>debet</span> <span class='ocrx_word' id='word_1_187' title='bbox 1252 1689 1419 1751; x_wconf 85' lang='lat' dir='ltr'>advocatus</span> <span class='ocrx_word' id='word_1_188' title='bbox 1443 1693 1472 1750; x_wconf 87' lang='lat' dir='ltr'>in</span> <span class='ocrx_word' id='word_1_189' title='bbox 1496 1698 1551 1751; x_wconf 88' lang='lat' dir='ltr'>ter·</span> 
     </span>
     <span class='ocr_line' id='line_1_18' title="bbox 70 1769 1566 1854; baseline -0.002 -17"><span class='ocrx_word' id='word_1_190' title='bbox 70 1777 160 1838; x_wconf 62' lang='lat' dir='ltr'>»tiam</span> <span class='ocrx_word' id='word_1_191' title='bbox 185 1778 285 1854; x_wconf 83' lang='lat' dir='ltr'>major</span> <span class='ocrx_word' id='word_1_192' title='bbox 305 1772 436 1832; x_wconf 87' lang='lat' dir='ltr'>civitatis</span> <span class='ocrx_word' id='word_1_193' title='bbox 463 1770 631 1832; x_wconf 81' lang='lat' dir='ltr'>advocatus</span> <span class='ocrx_word' id='word_1_194' title='bbox 652 1769 713 1831; x_wconf 91' lang='lat' dir='ltr'>hoc</span> <span class='ocrx_word' id='word_1_195' title='bbox 756 1774 843 1834; x_wconf 90' lang='lat' dir='ltr'>minis</span> <span class='ocrx_word' id='word_1_196' title='bbox 865 1774 995 1852; x_wconf 89' lang='lat' dir='ltr'>statutis,</span> <span class='ocrx_word' id='word_1_197' title='bbox 1016 1771 1202 1833; x_wconf 88' lang='lat' dir='ltr'>hisscilicet:</span> <span class='ocrx_word' id='word_1_198' title='bbox 1224 1774 1255 1832; x_wconf 89' lang='lat' dir='ltr'>iu</span> <span class='ocrx_word' id='word_1_199' title='bbox 1272 1774 1430 1834; x_wconf 88' lang='lat' dir='ltr'>nativitate</span> <span class='ocrx_word' id='word_1_200' title='bbox 1443 1775 1566 1834; x_wconf 76' lang='lat' dir='ltr'>beatae·</span> 
     </span>
     <span class='ocr_line' id='line_1_19' title="bbox 70 1853 1552 1936; baseline -0.003 -15"><span class='ocrx_word' id='word_1_201' title='bbox 70 1879 119 1921; x_wconf 72' lang='lat' dir='ltr'>ere</span> <span class='ocrx_word' id='word_1_202' title='bbox 144 1858 296 1935; x_wconf 85' lang='lat' dir='ltr'>voluerit,</span> <span class='ocrx_word' id='word_1_203' title='bbox 318 1856 413 1936; x_wconf 90' lang='lat' dir='ltr'>ipsius</span> <span class='ocrx_word' id='word_1_204' title='bbox 441 1853 640 1915; x_wconf 87' lang='lat' dir='ltr'>contradictio</span> <span class='ocrx_word' id='word_1_205' title='bbox 663 1853 713 1914; x_wconf 90' lang='lat' dir='ltr'>vel</span> <span class='ocrx_word' id='word_1_206' title='bbox 754 1857 868 1917; x_wconf 83' lang='lat' dir='ltr'>Mariae</span> <span class='ocrx_word' id='word_1_207' title='bbox 901 1855 978 1917; x_wconf 83' lang='lat' dir='ltr'>CXL</span> <span class='ocrx_word' id='word_1_208' title='bbox 1008 1875 1124 1917; x_wconf 84' lang='lat' dir='ltr'>marcas</span> <span class='ocrx_word' id='word_1_209' title='bbox 1159 1855 1198 1916; x_wconf 87' lang='lat' dir='ltr'>ad</span> <span class='ocrx_word' id='word_1_210' title='bbox 1232 1855 1425 1917; x_wconf 91' lang='lat' dir='ltr'>redimendas</span> <span class='ocrx_word' id='word_1_211' title='bbox 1453 1863 1552 1917; x_wconf 86' lang='lat' dir='ltr'>curtes</span> 
     </span>
     <span class='ocr_line' id='line_1_20' title="bbox 92 1937 1551 2017; baseline -0.002 -14"><span class='ocrx_word' id='word_1_212' title='bbox 92 1943 161 2003; x_wconf 88' lang='lat' dir='ltr'>hac</span> <span class='ocrx_word' id='word_1_213' title='bbox 183 1960 216 2002; x_wconf 89' lang='lat' dir='ltr'>re</span> <span class='ocrx_word' id='word_1_214' title='bbox 239 1939 355 2000; x_wconf 89' lang='lat' dir='ltr'>nullum</span> <span class='ocrx_word' id='word_1_215' title='bbox 377 1938 496 2017; x_wconf 91' lang='lat' dir='ltr'>penitus</span> <span class='ocrx_word' id='word_1_216' title='bbox 519 1937 643 1998; x_wconf 88' lang='lat' dir='ltr'>habebit</span> <span class='ocrx_word' id='word_1_217' title='bbox 671 1937 712 1996; x_wconf 87' lang='lat' dir='ltr'>vi·</span> <span class='ocrx_word' id='word_1_218' title='bbox 754 1939 966 2000; x_wconf 87' lang='lat' dir='ltr'>Hnndechilke</span> <span class='ocrx_word' id='word_1_219' title='bbox 996 1945 1028 2002; x_wconf 92' lang='lat' dir='ltr'>et</span> <span class='ocrx_word' id='word_1_220' title='bbox 1055 1938 1242 2000; x_wconf 82' lang='lat' dir='ltr'>Chiahoveu.</span> <span class='ocrx_word' id='word_1_221' title='bbox 1285 1940 1319 1999; x_wconf 91' lang='lat' dir='ltr'>lu</span> <span class='ocrx_word' id='word_1_222' title='bbox 1346 1941 1425 2001; x_wconf 86' lang='lat' dir='ltr'>festo</span> <span class='ocrx_word' id='word_1_223' title='bbox 1453 1942 1551 2001; x_wconf 87' lang='lat' dir='ltr'>saneti</span> 
     </span>
     <span class='ocr_line' id='line_1_21' title="bbox 70 2019 1552 2101; baseline -0.003 -14"><span class='ocrx_word' id='word_1_224' title='bbox 70 2026 141 2087; x_wconf 79' lang='lat' dir='ltr'>Hoc</span> <span class='ocrx_word' id='word_1_225' title='bbox 170 2026 263 2085; x_wconf 88' lang='lat' dir='ltr'>etiam</span> <span class='ocrx_word' id='word_1_226' title='bbox 291 2023 322 2081; x_wconf 94' lang='lat' dir='ltr'>iu</span> <span class='ocrx_word' id='word_1_227' title='bbox 345 2024 411 2101; x_wconf 87' lang='lat' dir='ltr'>jam</span> <span class='ocrx_word' id='word_1_228' title='bbox 439 2019 521 2082; x_wconf 90' lang='lat' dir='ltr'>dicto</span> <span class='ocrx_word' id='word_1_229' title='bbox 549 2020 620 2080; x_wconf 92' lang='lat' dir='ltr'>loco</span> <span class='ocrx_word' id='word_1_230' title='bbox 642 2026 713 2080; x_wconf 90' lang='lat' dir='ltr'>eta</span> <span class='ocrx_word' id='word_1_231' title='bbox 757 2022 915 2083; x_wconf 81' lang='lat' dir='ltr'>Michaelis</span> <span class='ocrx_word' id='word_1_232' title='bbox 947 2021 1084 2083; x_wconf 83' lang='lat' dir='ltr'>Clibras</span> <span class='ocrx_word' id='word_1_233' title='bbox 1114 2022 1254 2084; x_wconf 86' lang='lat' dir='ltr'>consilio.</span> <span class='ocrx_word' id='word_1_234' title='bbox 1307 2023 1342 2082; x_wconf 89' lang='lat' dir='ltr'>ln</span> <span class='ocrx_word' id='word_1_235' title='bbox 1369 2024 1448 2083; x_wconf 90' lang='lat' dir='ltr'>sesto</span> <span class='ocrx_word' id='word_1_236' title='bbox 1470 2024 1552 2084; x_wconf 90' lang='lat' dir='ltr'>beati</span> 
     </span>
     <span class='ocr_line' id='line_1_22' title="bbox 70 2102 1554 2186; baseline -0.001 -17"><span class='ocrx_word' id='word_1_237' title='bbox 70 2130 96 2170; x_wconf 79' lang='lat' dir='ltr'>rs</span> <span class='ocrx_word' id='word_1_238' title='bbox 119 2107 238 2169; x_wconf 92' lang='lat' dir='ltr'>ibidem</span> <span class='ocrx_word' id='word_1_239' title='bbox 253 2105 448 2186; x_wconf 83' lang='lat' dir='ltr'>congregetis</span> <span class='ocrx_word' id='word_1_240' title='bbox 464 2102 634 2184; x_wconf 87' lang='lat' dir='ltr'>judicatum</span> <span class='ocrx_word' id='word_1_241' title='bbox 652 2110 713 2164; x_wconf 91' lang='lat' dir='ltr'>est:</span> <span class='ocrx_word' id='word_1_242' title='bbox 756 2106 876 2166; x_wconf 81' lang='lat' dir='ltr'>Martini</span> <span class='ocrx_word' id='word_1_243' title='bbox 897 2105 948 2166; x_wconf 87' lang='lat' dir='ltr'>LX</span> <span class='ocrx_word' id='word_1_244' title='bbox 971 2125 1101 2167; x_wconf 88' lang='lat' dir='ltr'>marcas.</span> <span class='ocrx_word' id='word_1_245' title='bbox 1149 2106 1183 2165; x_wconf 93' lang='lat' dir='ltr'>ln</span> <span class='ocrx_word' id='word_1_246' title='bbox 1205 2105 1417 2186; x_wconf 85' lang='lat' dir='ltr'>purificatione</span> <span class='ocrx_word' id='word_1_247' title='bbox 1443 2106 1554 2167; x_wconf 83' lang='lat' dir='ltr'>heatae</span> 
     </span>
     <span class='ocr_line' id='line_1_23' title="bbox 70 2187 1552 2269; baseline 0.001 -22"><span class='ocrx_word' id='word_1_248' title='bbox 70 2211 166 2254; x_wconf 73' lang='lat' dir='ltr'>‚onae</span> <span class='ocrx_word' id='word_1_249' title='bbox 188 2191 282 2250; x_wconf 88' lang='lat' dir='ltr'>licere</span> <span class='ocrx_word' id='word_1_250' title='bbox 299 2187 496 2248; x_wconf 88' lang='lat' dir='ltr'>munitionem</span> <span class='ocrx_word' id='word_1_251' title='bbox 513 2187 644 2265; x_wconf 90' lang='lat' dir='ltr'>aliquam</span> <span class='ocrx_word' id='word_1_252' title='bbox 661 2205 715 2247; x_wconf 92' lang='lat' dir='ltr'>no·</span> <span class='ocrx_word' id='word_1_253' title='bbox 757 2190 871 2250; x_wconf 84' lang='lat' dir='ltr'>Mariae</span> <span class='ocrx_word' id='word_1_254' title='bbox 897 2188 922 2249; x_wconf 83' lang='lat'>0</span> <span class='ocrx_word' id='word_1_255' title='bbox 953 2208 1079 2249; x_wconf 90' lang='lat' dir='ltr'>mareas.</span> <span class='ocrx_word' id='word_1_256' title='bbox 1121 2188 1184 2249; x_wconf 91' lang='lat' dir='ltr'>Ista</span> <span class='ocrx_word' id='word_1_257' title='bbox 1210 2190 1341 2269; x_wconf 91' lang='lat' dir='ltr'>pecunia</span> <span class='ocrx_word' id='word_1_258' title='bbox 1369 2188 1461 2250; x_wconf 90' lang='lat' dir='ltr'>debet</span> <span class='ocrx_word' id='word_1_259' title='bbox 1487 2189 1552 2249; x_wconf 86' lang='lat' dir='ltr'>dari</span> 
     </span>
     <span class='ocr_line' id='line_1_24' title="bbox 70 2269 1553 2355; baseline -0.003 -18"><span class='ocrx_word' id='word_1_260' title='bbox 70 2296 81 2337; x_wconf 75' lang='lat' dir='ltr'>e</span> <span class='ocrx_word' id='word_1_261' title='bbox 96 2269 534 2355; x_wconf 86' lang='lat' dir='ltr'>vulgudicipossitwicborc,</span> <span class='ocrx_word' id='word_1_262' title='bbox 548 2269 715 2330; x_wconf 87' lang='lat' dir='ltr'>incivitate</span> <span class='ocrx_word' id='word_1_263' title='bbox 757 2273 924 2334; x_wconf 87' lang='lat' dir='ltr'>camerario</span> <span class='ocrx_word' id='word_1_264' title='bbox 945 2278 976 2332; x_wconf 89' lang='lat' dir='ltr'>et</span> <span class='ocrx_word' id='word_1_265' title='bbox 996 2273 1178 2333; x_wconf 88' lang='lat' dir='ltr'>monetario.</span> <span class='ocrx_word' id='word_1_266' title='bbox 1221 2271 1252 2333; x_wconf 83' lang='lat' dir='ltr'>si</span> <span class='ocrx_word' id='word_1_267' title='bbox 1267 2273 1316 2334; x_wconf 88' lang='lat' dir='ltr'>isti</span> <span class='ocrx_word' id='word_1_268' title='bbox 1328 2273 1470 2333; x_wconf 89' lang='lat' dir='ltr'>absentes</span> <span class='ocrx_word' id='word_1_269' title='bbox 1490 2273 1553 2333; x_wconf 84' lang='lat' dir='ltr'>lue-</span> 
     </span>
     <span class='ocr_line' id='line_1_25' title="bbox 70 2352 1554 2437; baseline -0.002 -18"><span class='ocrx_word' id='word_1_270' title='bbox 70 2352 715 2437; x_wconf 86' lang='lat' dir='ltr'>siusepiscopivoluntatemvelerigerevel</span> <span class='ocrx_word' id='word_1_271' title='bbox 757 2356 831 2434; x_wconf 87' lang='lat' dir='ltr'>rint,</span> <span class='ocrx_word' id='word_1_272' title='bbox 865 2356 995 2435; x_wconf 90' lang='lat' dir='ltr'>pecunia</span> <span class='ocrx_word' id='word_1_273' title='bbox 1029 2355 1086 2415; x_wconf 91' lang='lat' dir='ltr'>sub</span> <span class='ocrx_word' id='word_1_274' title='bbox 1120 2356 1227 2416; x_wconf 89' lang='lat' dir='ltr'>eadem</span> <span class='ocrx_word' id='word_1_275' title='bbox 1257 2355 1434 2417; x_wconf 88' lang='lat' dir='ltr'>conditione</span> <span class='ocrx_word' id='word_1_276' title='bbox 1462 2355 1554 2416; x_wconf 86' lang='lat' dir='ltr'>debet</span> 
     </span>
     <span class='ocr_line' id='line_1_26' title="bbox 70 2435 1552 2520; baseline -0.003 -18"><span class='ocrx_word' id='word_1_277' title='bbox 70 2444 203 2503; x_wconf 81' lang='lat' dir='ltr'>enere“.</span> <span class='ocrx_word' id='word_1_278' title='bbox 248 2440 326 2500; x_wconf 74' lang='lat' dir='ltr'>ocos</span> <span class='ocrx_word' id='word_1_279' title='bbox 347 2456 375 2497; x_wconf 87' lang='lat' dir='ltr'>a.</span> <span class='ocrx_word' id='word_1_280' title='bbox 396 2456 424 2497; x_wconf 90' lang='lat' dir='ltr'>a.</span> <span class='ocrx_word' id='word_1_281' title='bbox 445 2435 482 2498; x_wconf 94' lang='lat'>0.</span> <span class='ocrx_word' id='word_1_282' title='bbox 505 2435 536 2497; x_wconf 84' lang='lat' dir='ltr'>S.</span> <span class='ocrx_word' id='word_1_283' title='bbox 558 2436 715 2515; x_wconf 78' lang='lat'><strong>264-663</strong></span> <span class='ocrx_word' id='word_1_284' title='bbox 758 2438 821 2499; x_wconf 90' lang='lat' dir='ltr'>dari</span> <span class='ocrx_word' id='word_1_285' title='bbox 844 2438 947 2500; x_wconf 88' lang='lat' dir='ltr'>Ulrico</span> <span class='ocrx_word' id='word_1_286' title='bbox 976 2437 1171 2500; x_wconf 86' lang='lat' dir='ltr'>vicedomino</span> <span class='ocrx_word' id='word_1_287' title='bbox 1195 2445 1226 2498; x_wconf 91' lang='lat' dir='ltr'>et</span> <span class='ocrx_word' id='word_1_288' title='bbox 1245 2438 1369 2520; x_wconf 84' lang='lat' dir='ltr'>Hugoni</span> <span class='ocrx_word' id='word_1_289' title='bbox 1389 2438 1552 2503; x_wconf 84' lang='lat' dir='ltr'>Monacho.</span> 
     </span>
     <span class='ocr_line' id='line_1_27' title="bbox 70 2518 1553 2602; baseline -0.003 -16"><span class='ocrx_word' id='word_1_290' title='bbox 70 2527 188 2587; x_wconf 84' lang='lat' dir='ltr'>ionum.</span> <span class='ocrx_word' id='word_1_291' title='bbox 217 2522 320 2583; x_wconf 87' lang='lat' dir='ltr'>Germ.</span> <span class='ocrx_word' id='word_1_292' title='bbox 349 2519 420 2580; x_wconf 88' lang='lat' dir='ltr'>hist.</span> <span class='ocrx_word' id='word_1_293' title='bbox 441 2518 555 2600; x_wconf 80' lang='lat' dir='ltr'>Legum</span> <span class='ocrx_word' id='word_1_294' title='bbox 578 2519 666 2581; x_wconf 85' lang='lat' dir='ltr'>Tom.</span> <span class='ocrx_word' id='word_1_295' title='bbox 688 2518 716 2579; x_wconf 92' lang='lat'>11</span> <span class='ocrx_word' id='word_1_296' title='bbox 758 2521 789 2583; x_wconf 84' lang='lat' dir='ltr'>Si</span> <span class='ocrx_word' id='word_1_297' title='bbox 811 2530 911 2582; x_wconf 90' lang='lat' dir='ltr'>autern</span> <span class='ocrx_word' id='word_1_298' title='bbox 934 2522 1240 2602; x_wconf 89' lang='lat' dir='ltr'>episcopusinterim,</span> <span class='ocrx_word' id='word_1_299' title='bbox 1262 2522 1344 2601; x_wconf 93' lang='lat' dir='ltr'>quod</span> <span class='ocrx_word' id='word_1_300' title='bbox 1363 2523 1447 2583; x_wconf 87' lang='lat' dir='ltr'>Deus</span> <span class='ocrx_word' id='word_1_301' title='bbox 1469 2540 1553 2582; x_wconf 84' lang='lat' dir='ltr'>aver-</span> 
     </span>
     <span class='ocr_line' id='line_1_28' title="bbox 70 2603 1553 2685; baseline -0.003 -15"><span class='ocrx_word' id='word_1_302' title='bbox 70 2610 217 2671; x_wconf 79' lang='lat' dir='ltr'>Trour&#39;llut</span> <span class='ocrx_word' id='word_1_303' title='bbox 234 2606 253 2666; x_wconf 93' lang='grc'>1.</span> <span class='ocrx_word' id='word_1_304' title='bbox 276 2624 302 2665; x_wconf 88' lang='lat' dir='ltr'>c.</span> <span class='ocrx_word' id='word_1_305' title='bbox 325 2604 376 2666; x_wconf 87' lang='lat' dir='ltr'>Nr.</span> <span class='ocrx_word' id='word_1_306' title='bbox 399 2604 458 2667; x_wconf 79' lang='lat'>247</span> <span class='ocrx_word' id='word_1_307' title='bbox 480 2622 510 2683; x_wconf 89' lang='lat' dir='ltr'>p.</span> <span class='ocrx_word' id='word_1_308' title='bbox 532 2605 602 2681; x_wconf 81' lang='lat'>379,</span> <span class='ocrx_word' id='word_1_309' title='bbox 624 2603 674 2667; x_wconf 88' lang='grc'>80.</span> <span class='ocrx_word' id='word_1_310' title='bbox 758 2612 811 2683; x_wconf 84' lang='lat' dir='ltr'>tat,</span> <span class='ocrx_word' id='word_1_311' title='bbox 833 2604 1008 2684; x_wconf 85' lang='lat' dir='ltr'>decesserit,</span> <span class='ocrx_word' id='word_1_312' title='bbox 1022 2603 1190 2666; x_wconf 85' lang='lat' dir='ltr'>advocatus</span> <span class='ocrx_word' id='word_1_313' title='bbox 1201 2605 1293 2666; x_wconf 91' lang='lat' dir='ltr'>debet</span> <span class='ocrx_word' id='word_1_314' title='bbox 1304 2605 1454 2666; x_wconf 87' lang='lat' dir='ltr'>redimere</span> <span class='ocrx_word' id='word_1_315' title='bbox 1468 2624 1553 2685; x_wconf 87' lang='lat' dir='ltr'>prae·</span> 
     </span>
     <span class='ocr_line' id='line_1_29' title="bbox 70 2684 1553 2770; baseline -0.005 -15"><span class='ocrx_word' id='word_1_316' title='bbox 70 2692 234 2754; x_wconf 77' lang='grc'>1-1218.</span> <span class='ocrx_word' id='word_1_317' title='bbox 276 2688 326 2765; x_wconf 76' lang='lat' dir='ltr'>(i)</span> <span class='ocrx_word' id='word_1_318' title='bbox 362 2687 424 2748; x_wconf 87' lang='lat' dir='ltr'>Der</span> <span class='ocrx_word' id='word_1_319' title='bbox 457 2686 559 2748; x_wconf 90' lang='lat' dir='ltr'>basler</span> <span class='ocrx_word' id='word_1_320' title='bbox 593 2684 721 2746; x_wconf 75' lang='lat' dir='ltr'>bischol&#39;</span> <span class='ocrx_word' id='word_1_321' title='bbox 757 2689 835 2749; x_wconf 88' lang='lat' dir='ltr'>fatas</span> <span class='ocrx_word' id='word_1_322' title='bbox 862 2687 938 2748; x_wconf 82' lang='lat' dir='ltr'>duas</span> <span class='ocrx_word' id='word_1_323' title='bbox 967 2695 1067 2749; x_wconf 88' lang='lat' dir='ltr'>curtes</span> <span class='ocrx_word' id='word_1_324' title='bbox 1096 2697 1128 2749; x_wconf 90' lang='lat' dir='ltr'>et</span> <span class='ocrx_word' id='word_1_325' title='bbox 1149 2690 1267 2749; x_wconf 84' lang='lat' dir='ltr'>tertiam</span> <span class='ocrx_word' id='word_1_326' title='bbox 1289 2688 1455 2770; x_wconf 85' lang='lat' dir='ltr'>Halthiuge</span> <span class='ocrx_word' id='word_1_327' title='bbox 1478 2686 1553 2748; x_wconf 81' lang='lat' dir='ltr'>etO</span> 
     </span>
     <span class='ocr_line' id='line_1_30' title="bbox 74 2767 1555 2853; baseline -0.003 -17"><span class='ocrx_word' id='word_1_328' title='bbox 74 2776 98 2836; x_wconf 89' lang='lat' dir='ltr'>h</span> <span class='ocrx_word' id='word_1_329' title='bbox 128 2774 166 2835; x_wconf 91' lang='lat'>11.</span> <span class='ocrx_word' id='word_1_330' title='bbox 199 2772 278 2834; x_wconf 83' lang='lat' dir='ltr'>Gref</span> <span class='ocrx_word' id='word_1_331' title='bbox 306 2790 366 2832; x_wconf 85' lang='lat' dir='ltr'>von</span> <span class='ocrx_word' id='word_1_332' title='bbox 395 2769 483 2830; x_wconf 86' lang='lat' dir='ltr'>Thun</span> <span class='ocrx_word' id='word_1_333' title='bbox 516 2767 717 2848; x_wconf 86' lang='lat' dir='ltr'>beurkundet,</span> <span class='ocrx_word' id='word_1_334' title='bbox 758 2771 849 2832; x_wconf 92' lang='lat' dir='ltr'>libras</span> <span class='ocrx_word' id='word_1_335' title='bbox 879 2770 952 2831; x_wconf 87' lang='lat' dir='ltr'>dare</span> <span class='ocrx_word' id='word_1_336' title='bbox 981 2772 1126 2850; x_wconf 91' lang='lat' dir='ltr'>consilio,</span> <span class='ocrx_word' id='word_1_337' title='bbox 1153 2779 1184 2833; x_wconf 90' lang='lat' dir='ltr'>et</span> <span class='ocrx_word' id='word_1_338' title='bbox 1210 2772 1249 2833; x_wconf 93' lang='lat' dir='ltr'>de</span> <span class='ocrx_word' id='word_1_339' title='bbox 1280 2772 1397 2853; x_wconf 91' lang='lat' dir='ltr'>reliqua</span> <span class='ocrx_word' id='word_1_340' title='bbox 1423 2772 1555 2851; x_wconf 85' lang='lat' dir='ltr'>pecunia</span> 
     </span>
     <span class='ocr_line' id='line_1_31' title="bbox 70 2852 1555 2936; baseline -0.004 -17"><span class='ocrx_word' id='word_1_341' title='bbox 70 2857 168 2919; x_wconf 89' lang='lat' dir='ltr'>bdem</span> <span class='ocrx_word' id='word_1_342' title='bbox 189 2856 251 2916; x_wconf 92' lang='lat' dir='ltr'>ihm</span> <span class='ocrx_word' id='word_1_343' title='bbox 275 2854 324 2915; x_wconf 89' lang='lat' dir='ltr'>die</span> <span class='ocrx_word' id='word_1_344' title='bbox 345 2853 522 2934; x_wconf 84' lang='lat' dir='ltr'>Absetaung</span> <span class='ocrx_word' id='word_1_345' title='bbox 542 2853 596 2914; x_wconf 88' lang='lat' dir='ltr'>des</span> <span class='ocrx_word' id='word_1_346' title='bbox 618 2852 716 2914; x_wconf 91' lang='lat' dir='ltr'>bishe·</span> <span class='ocrx_word' id='word_1_347' title='bbox 758 2854 835 2929; x_wconf 82' lang='lat' dir='ltr'>liber</span> <span class='ocrx_word' id='word_1_348' title='bbox 856 2856 976 2915; x_wconf 89' lang='lat' dir='ltr'>existat.</span> <span class='ocrx_word' id='word_1_349' title='bbox 1017 2855 1076 2916; x_wconf 86' lang='lat' dir='ltr'>Pro</span> <span class='ocrx_word' id='word_1_350' title='bbox 1104 2857 1163 2917; x_wconf 89' lang='lat' dir='ltr'>ista</span> <span class='ocrx_word' id='word_1_351' title='bbox 1184 2857 1315 2936; x_wconf 87' lang='lat' dir='ltr'>pecunia</span> <span class='ocrx_word' id='word_1_352' title='bbox 1339 2854 1462 2916; x_wconf 86' lang='lat' dir='ltr'>obsides</span> <span class='ocrx_word' id='word_1_353' title='bbox 1485 2861 1555 2915; x_wconf 93' lang='lat' dir='ltr'>sunt</span> 
     </span>
     <span class='ocr_line' id='line_1_32' title="bbox 70 2934 1554 3020; baseline -0.004 -17"><span class='ocrx_word' id='word_1_354' title='bbox 70 2943 264 3020; x_wconf 88' lang='lat' dir='ltr'>hirmvogtes</span> <span class='ocrx_word' id='word_1_355' title='bbox 292 2937 367 2998; x_wconf 84' lang='lat' dir='ltr'>dber</span> <span class='ocrx_word' id='word_1_356' title='bbox 387 2936 456 2998; x_wconf 80' lang='lat' dir='ltr'>stin</span> <span class='ocrx_word' id='word_1_357' title='bbox 482 2936 544 2997; x_wconf 89' lang='lat' dir='ltr'>und</span> <span class='ocrx_word' id='word_1_358' title='bbox 568 2934 657 2998; x_wconf 84' lang='lat' dir='ltr'>Stadt</span> <span class='ocrx_word' id='word_1_359' title='bbox 677 2971 716 2981; x_wconf 93' lang='lat'>—</span> <span class='ocrx_word' id='word_1_360' title='bbox 758 2936 926 2999; x_wconf 85' lang='lat' dir='ltr'>advocatus</span> <span class='ocrx_word' id='word_1_361' title='bbox 952 2944 984 3001; x_wconf 87' lang='lat' dir='ltr'>et</span> <span class='ocrx_word' id='word_1_362' title='bbox 1009 2938 1089 2999; x_wconf 86' lang='lat' dir='ltr'>filius</span> <span class='ocrx_word' id='word_1_363' title='bbox 1109 2959 1181 3000; x_wconf 88' lang='lat' dir='ltr'>suus</span> <span class='ocrx_word' id='word_1_364' title='bbox 1203 2958 1271 3000; x_wconf 89' lang='lat' dir='ltr'>cum</span> <span class='ocrx_word' id='word_1_365' title='bbox 1293 2939 1378 2999; x_wconf 87' lang='lat' dir='ltr'>XXV</span> <span class='ocrx_word' id='word_1_366' title='bbox 1401 2937 1554 3016; x_wconf 81' lang='lat' dir='ltr'>militibus,</span> 
     </span>
     <span class='ocr_line' id='line_1_33' title="bbox 70 3018 1555 3103; baseline -0.005 -16"><span class='ocrx_word' id='word_1_367' title='bbox 70 3024 120 3087; x_wconf 87' lang='lat' dir='ltr'>iob</span> <span class='ocrx_word' id='word_1_368' title='bbox 158 3024 244 3084; x_wconf 89' lang='lat' dir='ltr'>eines</span> <span class='ocrx_word' id='word_1_369' title='bbox 285 3021 397 3083; x_wconf 84' lang='lat' dir='ltr'>Grasen</span> <span class='ocrx_word' id='word_1_370' title='bbox 439 3020 615 3101; x_wconf 84' lang='lat' dir='ltr'>[Rudolph]</span> <span class='ocrx_word' id='word_1_371' title='bbox 654 3039 717 3081; x_wconf 85' lang='lat' dir='ltr'>von</span> <span class='ocrx_word' id='word_1_372' title='bbox 759 3028 790 3083; x_wconf 90' lang='lat' dir='ltr'>et</span> <span class='ocrx_word' id='word_1_373' title='bbox 809 3023 891 3102; x_wconf 90' lang='lat' dir='ltr'>prius</span> <span class='ocrx_word' id='word_1_374' title='bbox 914 3021 992 3082; x_wconf 82' lang='lat' dir='ltr'>testo</span> <span class='ocrx_word' id='word_1_375' title='bbox 1015 3021 1096 3082; x_wconf 88' lang='lat' dir='ltr'>beati</span> <span class='ocrx_word' id='word_1_376' title='bbox 1111 3022 1261 3084; x_wconf 85' lang='lat' dir='ltr'>lobannis</span> <span class='ocrx_word' id='word_1_377' title='bbox 1273 3023 1429 3103; x_wconf 88' lang='lat' dir='ltr'>Baptistae</span> <span class='ocrx_word' id='word_1_378' title='bbox 1442 3018 1555 3083; x_wconf 89' lang='lat' dir='ltr'>debent</span> 
     </span>
     <span class='ocr_line' id='line_1_34' title="bbox 70 3103 1553 3189; baseline -0.001 -24"><span class='ocrx_word' id='word_1_379' title='bbox 70 3156 80 3189; x_wconf 77' lang='lat'>,</span> <span class='ocrx_word' id='word_1_380' title='bbox 117 3106 268 3168; x_wconf 86' lang='lat' dir='ltr'>walchem</span> <span class='ocrx_word' id='word_1_381' title='bbox 295 3106 395 3183; x_wconf 87' lang='lat' dir='ltr'>alten,</span> <span class='ocrx_word' id='word_1_382' title='bbox 421 3103 549 3164; x_wconf 88' lang='lat' dir='ltr'>ehedem</span> <span class='ocrx_word' id='word_1_383' title='bbox 573 3105 627 3164; x_wconf 89' lang='lat' dir='ltr'>mit</span> <span class='ocrx_word' id='word_1_384' title='bbox 647 3103 716 3165; x_wconf 90' lang='lat' dir='ltr'>dem</span> <span class='ocrx_word' id='word_1_385' title='bbox 759 3107 826 3184; x_wconf 82' lang='lat' dir='ltr'>ista,</span> <span class='ocrx_word' id='word_1_386' title='bbox 848 3107 926 3165; x_wconf 89' lang='lat' dir='ltr'>sicut</span> <span class='ocrx_word' id='word_1_387' title='bbox 936 3106 1050 3184; x_wconf 89' lang='lat' dir='ltr'>scripta</span> <span class='ocrx_word' id='word_1_388' title='bbox 1065 3112 1144 3183; x_wconf 88' lang='lat' dir='ltr'>sunt,</span> <span class='ocrx_word' id='word_1_389' title='bbox 1167 3104 1228 3166; x_wconf 86' lang='lat' dir='ltr'>tide</span> <span class='ocrx_word' id='word_1_390' title='bbox 1246 3105 1318 3166; x_wconf 87' lang='lat' dir='ltr'>data</span> <span class='ocrx_word' id='word_1_391' title='bbox 1335 3112 1367 3166; x_wconf 90' lang='lat' dir='ltr'>et</span> <span class='ocrx_word' id='word_1_392' title='bbox 1378 3108 1553 3185; x_wconf 85' lang='lat' dir='ltr'>juramento</span> 
     </span>
     <span class='ocr_line' id='line_1_35' title="bbox 70 3186 1555 3271; baseline -0.003 -19"><span class='ocrx_word' id='word_1_393' title='bbox 70 3202 117 3253; x_wconf 85' lang='lat' dir='ltr'>rte</span> <span class='ocrx_word' id='word_1_394' title='bbox 132 3193 174 3250; x_wconf 91' lang='lat' dir='ltr'>im</span> <span class='ocrx_word' id='word_1_395' title='bbox 193 3191 372 3271; x_wconf 86' lang='lat' dir='ltr'>Augstgaue</span> <span class='ocrx_word' id='word_1_396' title='bbox 393 3189 511 3248; x_wconf 86' lang='lat' dir='ltr'>betraut</span> <span class='ocrx_word' id='word_1_397' title='bbox 530 3207 717 3269; x_wconf 86' lang='lat' dir='ltr'>geweseuen</span> <span class='ocrx_word' id='word_1_398' title='bbox 759 3187 949 3250; x_wconf 85' lang='lat' dir='ltr'>confirmare.</span> <span class='ocrx_word' id='word_1_399' title='bbox 978 3188 1140 3249; x_wconf 89' lang='lat' dir='ltr'>Praeterea</span> <span class='ocrx_word' id='word_1_400' title='bbox 1151 3188 1305 3249; x_wconf 91' lang='lat' dir='ltr'>laudatum</span> <span class='ocrx_word' id='word_1_401' title='bbox 1321 3197 1378 3268; x_wconf 89' lang='lat' dir='ltr'>est,</span> <span class='ocrx_word' id='word_1_402' title='bbox 1391 3186 1473 3267; x_wconf 87' lang='lat' dir='ltr'>quod</span> <span class='ocrx_word' id='word_1_403' title='bbox 1497 3205 1555 3248; x_wconf 91' lang='lat' dir='ltr'>nec</span> 
     </span>
     <span class='ocr_line' id='line_1_36' title="bbox 70 3270 1554 3354; baseline -0.004 -18"><span class='ocrx_word' id='word_1_404' title='bbox 70 3277 124 3337; x_wconf 81' lang='lat' dir='ltr'>lite</span> <span class='ocrx_word' id='word_1_405' title='bbox 147 3274 197 3334; x_wconf 92' lang='lat' dir='ltr'>die</span> <span class='ocrx_word' id='word_1_406' title='bbox 220 3271 366 3354; x_wconf 84' lang='lat' dir='ltr'>fragliche</span> <span class='ocrx_word' id='word_1_407' title='bbox 389 3270 603 3352; x_wconf 81' lang='lat' dir='ltr'>Schutzvogtei</span> <span class='ocrx_word' id='word_1_408' title='bbox 626 3271 717 3351; x_wconf 87' lang='lat' dir='ltr'>lange</span> <span class='ocrx_word' id='word_1_409' title='bbox 759 3273 922 3352; x_wconf 90' lang='lat' dir='ltr'>episcopus</span> <span class='ocrx_word' id='word_1_410' title='bbox 944 3273 1011 3331; x_wconf 88' lang='lat' dir='ltr'>siue</span> <span class='ocrx_word' id='word_1_411' title='bbox 1032 3271 1199 3352; x_wconf 86' lang='lat' dir='ltr'>advocato,</span> <span class='ocrx_word' id='word_1_412' title='bbox 1221 3291 1280 3333; x_wconf 89' lang='lat' dir='ltr'>nec</span> <span class='ocrx_word' id='word_1_413' title='bbox 1300 3271 1468 3334; x_wconf 88' lang='lat' dir='ltr'>advocatus</span> <span class='ocrx_word' id='word_1_414' title='bbox 1489 3273 1554 3331; x_wconf 92' lang='lat' dir='ltr'>sine</span> 
     </span>
     <span class='ocr_line' id='line_1_37' title="bbox 70 3353 1554 3436; baseline -0.005 -16"><span class='ocrx_word' id='word_1_415' title='bbox 70 3357 218 3421; x_wconf 78' lang='lat' dir='ltr'>ostenden</span> <span class='ocrx_word' id='word_1_416' title='bbox 247 3357 331 3417; x_wconf 88' lang='lat' dir='ltr'>hatte</span> <span class='ocrx_word' id='word_1_417' title='bbox 350 3355 383 3430; x_wconf 82' lang='lat'>²)</span> <span class='ocrx_word' id='word_1_418' title='bbox 410 3389 445 3399; x_wconf 94' lang='lat'>—</span> <span class='ocrx_word' id='word_1_419' title='bbox 467 3355 621 3436; x_wconf 85' lang='lat' dir='ltr'>gelungeu</span> <span class='ocrx_word' id='word_1_420' title='bbox 643 3374 717 3433; x_wconf 88' lang='lat' dir='ltr'>war,</span> <span class='ocrx_word' id='word_1_421' title='bbox 760 3356 907 3435; x_wconf 87' lang='lat' dir='ltr'>episcopo</span> <span class='ocrx_word' id='word_1_422' title='bbox 936 3373 1004 3414; x_wconf 90' lang='lat' dir='ltr'>aum</span> <span class='ocrx_word' id='word_1_423' title='bbox 1027 3354 1168 3435; x_wconf 87' lang='lat' dir='ltr'>deposito</span> <span class='ocrx_word' id='word_1_424' title='bbox 1196 3355 1347 3417; x_wconf 82' lang='lat' dir='ltr'>sdrocatc</span> <span class='ocrx_word' id='word_1_425' title='bbox 1370 3374 1478 3435; x_wconf 89' lang='lat' dir='ltr'>pacem</span> <span class='ocrx_word' id='word_1_426' title='bbox 1506 3353 1554 3414; x_wconf 86' lang='lat' dir='ltr'>vel</span> 
     </span>
     <span class='ocr_line' id='line_1_38' title="bbox 101 3437 1554 3502; baseline 0 0"><span class='ocrx_word' id='word_1_427' title='bbox 101 3442 173 3502; x_wconf 89' lang='lat' dir='ltr'>dem</span> <span class='ocrx_word' id='word_1_428' title='bbox 202 3439 359 3501; x_wconf 88' lang='lat' dir='ltr'>Bisthume</span> <span class='ocrx_word' id='word_1_429' title='bbox 387 3437 446 3499; x_wconf 91' lang='lat' dir='ltr'>und</span> <span class='ocrx_word' id='word_1_430' title='bbox 474 3439 544 3499; x_wconf 90' lang='lat' dir='ltr'>dem</span> <span class='ocrx_word' id='word_1_431' title='bbox 572 3458 633 3498; x_wconf 91' lang='lat' dir='ltr'>nun</span> <span class='ocrx_word' id='word_1_432' title='bbox 663 3458 717 3499; x_wconf 90' lang='lat' dir='ltr'>aus</span> <span class='ocrx_word' id='word_1_433' title='bbox 760 3437 955 3500; x_wconf 89' lang='lat' dir='ltr'>concordiam</span> <span class='ocrx_word' id='word_1_434' title='bbox 984 3438 1104 3500; x_wconf 77' lang='lat' dir='ltr'>faciet‘.</span> <span class='ocrx_word' id='word_1_435' title='bbox 1147 3441 1320 3502; x_wconf 73' lang='lat' dir='ltr'>Ochema</span> <span class='ocrx_word' id='word_1_436' title='bbox 1342 3438 1379 3500; x_wconf 89' lang='lat'>0.</span> <span class='ocrx_word' id='word_1_437' title='bbox 1401 3437 1554 3502; x_wconf 70' lang='grc'>3290-</span> 
     </span>
     <span class='ocr_line' id='line_1_39' title="bbox 70 3522 1554 3604; baseline -0.005 -17"><span class='ocrx_word' id='word_1_438' title='bbox 70 3526 305 3587; x_wconf 87' lang='lat' dir='ltr'>)ienstmaunen</span> <span class='ocrx_word' id='word_1_439' title='bbox 336 3541 561 3604; x_wconf 86' lang='lat' dir='ltr'>genommeueu</span> <span class='ocrx_word' id='word_1_440' title='bbox 594 3541 718 3583; x_wconf 88' lang='lat' dir='ltr'>neuen</span> <span class='ocrx_word' id='word_1_441' title='bbox 760 3525 819 3601; x_wconf 78' lang='lat'>933</span> <span class='ocrx_word' id='word_1_442' title='bbox 846 3523 1069 3584; x_wconf 80' lang='lat' dir='ltr'>Trouillctl.c.</span> <span class='ocrx_word' id='word_1_443' title='bbox 1091 3522 1343 3603; x_wconf 80' lang='lat' dir='ltr'>Nr.339p.509,</span> <span class='ocrx_word' id='word_1_444' title='bbox 1367 3522 1554 3600; x_wconf 61' lang='grc'>103110111-</span> 
     </span>
     <span class='ocr_line' id='line_1_40' title="bbox 70 3604 1211 3688; baseline -0.002 -18"><span class='ocrx_word' id='word_1_445' title='bbox 70 3630 78 3670; x_wconf 85' lang='lat' dir='ltr'>r</span> <span class='ocrx_word' id='word_1_446' title='bbox 108 3607 277 3688; x_wconf 84' lang='lat' dir='ltr'>Ansehung</span> <span class='ocrx_word' id='word_1_447' title='bbox 305 3605 359 3668; x_wconf 91' lang='lat' dir='ltr'>der</span> <span class='ocrx_word' id='word_1_448' title='bbox 391 3606 567 3668; x_wconf 86' lang='lat' dir='ltr'>beiderseits</span> <span class='ocrx_word' id='word_1_449' title='bbox 595 3606 718 3666; x_wconf 85' lang='lat' dir='ltr'>aukom-</span> <span class='ocrx_word' id='word_1_450' title='bbox 760 3610 806 3666; x_wconf 82' lang='lat' dir='ltr'>len</span> <span class='ocrx_word' id='word_1_451' title='bbox 827 3604 895 3665; x_wconf 88' lang='lat' dir='ltr'>Thl.</span> <span class='ocrx_word' id='word_1_452' title='bbox 918 3605 930 3665; x_wconf 94' lang='lat'><em>1</em></span> <span class='ocrx_word' id='word_1_453' title='bbox 953 3605 1003 3665; x_wconf 67' lang='grc' dir='ltr'>Νι.</span> <span class='ocrx_word' id='word_1_454' title='bbox 1028 3611 1042 3669; x_wconf 91' lang='grc'>1</span> <span class='ocrx_word' id='word_1_455' title='bbox 1067 3605 1097 3666; x_wconf 78' lang='lat'>8.</span> <span class='ocrx_word' id='word_1_456' title='bbox 1122 3610 1211 3671; x_wconf 86' lang='lat'><strong>1-3.</strong></span> 
     </span>
     <span class='ocr_line' id='line_1_41' title="bbox 70 3686 1555 3769; baseline -0.005 -15"><span class='ocrx_word' id='word_1_457' title='bbox 70 3691 309 3768; x_wconf 82' lang='lat' dir='ltr'>Gereahtsame,</span> <span class='ocrx_word' id='word_1_458' title='bbox 341 3689 526 3752; x_wconf 90' lang='lat' dir='ltr'>namentlioh</span> <span class='ocrx_word' id='word_1_459' title='bbox 556 3689 610 3750; x_wconf 91' lang='lat' dir='ltr'>der</span> <span class='ocrx_word' id='word_1_460' title='bbox 630 3687 718 3749; x_wconf 88' lang='lat' dir='ltr'>Thei-</span> <span class='ocrx_word' id='word_1_461' title='bbox 843 3687 944 3749; x_wconf 90' lang='lat' dir='ltr'>Ueber</span> <span class='ocrx_word' id='word_1_462' title='bbox 972 3687 1021 3749; x_wconf 90' lang='lat' dir='ltr'>die</span> <span class='ocrx_word' id='word_1_463' title='bbox 1043 3688 1299 3769; x_wconf 81' lang='lat' dir='ltr'>Eustehuugsaeit</span> <span class='ocrx_word' id='word_1_464' title='bbox 1324 3686 1424 3749; x_wconf 82' lang='lat' dir='ltr'>dieses</span> <span class='ocrx_word' id='word_1_465' title='bbox 1455 3687 1555 3747; x_wconf 87' lang='lat' dir='ltr'>Docu-</span> 
     </span>
     <span class='ocr_line' id='line_1_42' title="bbox 87 3770 1556 3856; baseline -0.004 -20"><span class='ocrx_word' id='word_1_466' title='bbox 87 3773 347 3856; x_wconf 84' lang='lat' dir='ltr'>Bssrgerabgaben</span> <span class='ocrx_word' id='word_1_467' title='bbox 370 3771 430 3833; x_wconf 92' lang='lat' dir='ltr'>und</span> <span class='ocrx_word' id='word_1_468' title='bbox 454 3771 717 3854; x_wconf 72' lang='lat' dir='ltr'>Gericbtsgethlle,</span> <span class='ocrx_word' id='word_1_469' title='bbox 760 3780 877 3831; x_wconf 89' lang='lat' dir='ltr'>mentes</span> <span class='ocrx_word' id='word_1_470' title='bbox 911 3770 979 3832; x_wconf 89' lang='lat' dir='ltr'>sind</span> <span class='ocrx_word' id='word_1_471' title='bbox 1005 3770 1055 3833; x_wconf 92' lang='lat' dir='ltr'>die</span> <span class='ocrx_word' id='word_1_472' title='bbox 1082 3773 1266 3853; x_wconf 85' lang='lat' dir='ltr'>bleiuungen</span> <span class='ocrx_word' id='word_1_473' title='bbox 1294 3771 1430 3853; x_wconf 86' lang='lat' dir='ltr'>getheilt.</span> <span class='ocrx_word' id='word_1_474' title='bbox 1481 3772 1556 3833; x_wconf 79' lang='lat' dir='ltr'>Oche</span> 
     </span>
     <span class='ocr_line' id='line_1_43' title="bbox 70 3853 1555 3938; baseline -0.005 -17"><span class='ocrx_word' id='word_1_475' title='bbox 70 3857 175 3921; x_wconf 73' lang='lat' dir='ltr'>dulich</span> <span class='ocrx_word' id='word_1_476' title='bbox 197 3868 285 3918; x_wconf 90' lang='lat' dir='ltr'>unter</span> <span class='ocrx_word' id='word_1_477' title='bbox 306 3857 490 3938; x_wconf 84' lang='lat' dir='ltr'>Beiaiehung</span> <span class='ocrx_word' id='word_1_478' title='bbox 511 3876 573 3917; x_wconf 84' lang='lat' dir='ltr'>von</span> <span class='ocrx_word' id='word_1_479' title='bbox 595 3855 718 3917; x_wconf 87' lang='lat' dir='ltr'>Schied·</span> <span class='ocrx_word' id='word_1_480' title='bbox 760 3875 787 3915; x_wconf 89' lang='lat' dir='ltr'>a.</span> <span class='ocrx_word' id='word_1_481' title='bbox 810 3875 838 3917; x_wconf 89' lang='lat' dir='ltr'>a.</span> <span class='ocrx_word' id='word_1_482' title='bbox 862 3854 896 3917; x_wconf 89' lang='lat'>0.</span> <span class='ocrx_word' id='word_1_483' title='bbox 920 3854 951 3915; x_wconf 83' lang='lat' dir='ltr'>S.</span> <span class='ocrx_word' id='word_1_484' title='bbox 981 3856 1041 3919; x_wconf 85' lang='grc'>294</span> <span class='ocrx_word' id='word_1_485' title='bbox 1071 3855 1131 3915; x_wconf 91' lang='lat' dir='ltr'>und</span> <span class='ocrx_word' id='word_1_486' title='bbox 1162 3857 1277 3917; x_wconf 82' lang='lat' dir='ltr'>Araold</span> <span class='ocrx_word' id='word_1_487' title='bbox 1302 3875 1329 3918; x_wconf 90' lang='lat' dir='ltr'>a.</span> <span class='ocrx_word' id='word_1_488' title='bbox 1352 3874 1379 3914; x_wconf 86' lang='lat' dir='ltr'>a.</span> <span class='ocrx_word' id='word_1_489' title='bbox 1400 3853 1436 3914; x_wconf 93' lang='lat'>0.</span> <span class='ocrx_word' id='word_1_490' title='bbox 1465 3853 1555 3914; x_wconf 89' lang='lat' dir='ltr'>Bd.l</span> 
     </span>
     <span class='ocr_line' id='line_1_44' title="bbox 70 3937 1556 4020; baseline -0.005 -16"><span class='ocrx_word' id='word_1_491' title='bbox 70 3940 234 4004; x_wconf 68' lang='lat' dir='ltr'>*ereinbart</span> <span class='ocrx_word' id='word_1_492' title='bbox 268 3939 411 4018; x_wconf 89' lang='lat' dir='ltr'>worden,</span> <span class='ocrx_word' id='word_1_493' title='bbox 447 3939 549 4000; x_wconf 89' lang='lat' dir='ltr'>wohei</span> <span class='ocrx_word' id='word_1_494' title='bbox 580 3939 717 4020; x_wconf 84' lang='lat' dir='ltr'>augleich</span> <span class='ocrx_word' id='word_1_495' title='bbox 761 3937 790 3998; x_wconf 77' lang='lat' dir='ltr'>S.</span> <span class='ocrx_word' id='word_1_496' title='bbox 813 3940 872 4002; x_wconf 81' lang='grc'>315</span> <span class='ocrx_word' id='word_1_497' title='bbox 901 3937 1059 3998; x_wconf 86' lang='lat' dir='ltr'>schreiben</span> <span class='ocrx_word' id='word_1_498' title='bbox 1090 3939 1232 4000; x_wconf 89' lang='lat' dir='ltr'>dasselbe</span> <span class='ocrx_word' id='word_1_499' title='bbox 1260 3937 1320 3998; x_wconf 92' lang='lat' dir='ltr'>den</span> <span class='ocrx_word' id='word_1_500' title='bbox 1347 3938 1427 3998; x_wconf 90' lang='lat' dir='ltr'>oben</span> <span class='ocrx_word' id='word_1_501' title='bbox 1449 3956 1556 4018; x_wconf 85' lang='lat' dir='ltr'>vorge-</span> 
     </span>
     <span class='ocr_line' id='line_1_45' title="bbox 70 4019 1555 4103; baseline -0.005 -17"><span class='ocrx_word' id='word_1_502' title='bbox 70 4024 258 4086; x_wconf 80' lang='lat' dir='ltr'>thselhalien</span> <span class='ocrx_word' id='word_1_503' title='bbox 292 4022 553 4085; x_wconf 81' lang='lat' dir='ltr'>Geldreichuisses</span> <span class='ocrx_word' id='word_1_504' title='bbox 587 4021 720 4103; x_wconf 83' lang='lat' dir='ltr'>gedacht</span> <span class='ocrx_word' id='word_1_505' title='bbox 761 4029 892 4098; x_wconf 83' lang='lat' dir='ltr'>setuten,</span> <span class='ocrx_word' id='word_1_506' title='bbox 927 4024 1047 4082; x_wconf 82' lang='lat' dir='ltr'>Schnell</span> <span class='ocrx_word' id='word_1_507' title='bbox 1076 4022 1108 4082; x_wconf 92' lang='lat' dir='ltr'>iu</span> <span class='ocrx_word' id='word_1_508' title='bbox 1136 4021 1196 4082; x_wconf 89' lang='lat' dir='ltr'>deu</span> <span class='ocrx_word' id='word_1_509' title='bbox 1221 4020 1378 4095; x_wconf 74' lang='lat' dir='ltr'>RQuellen</span> <span class='ocrx_word' id='word_1_510' title='bbox 1407 4039 1434 4080; x_wconf 91' lang='lat' dir='ltr'>a.</span> <span class='ocrx_word' id='word_1_511' title='bbox 1463 4039 1491 4080; x_wconf 89' lang='lat' dir='ltr'>a.</span> <span class='ocrx_word' id='word_1_512' title='bbox 1509 4019 1555 4081; x_wconf 85' lang='grc' dir='ltr'>Ὀ.</span> 
     </span>
     <span class='ocr_line' id='line_1_46' title="bbox 70 4102 1556 4188; baseline -0.005 -19"><span class='ocrx_word' id='word_1_513' title='bbox 70 4107 172 4170; x_wconf 84' lang='lat' dir='ltr'>elohes</span> <span class='ocrx_word' id='word_1_514' title='bbox 187 4104 241 4167; x_wconf 87' lang='lat' dir='ltr'>der</span> <span class='ocrx_word' id='word_1_515' title='bbox 262 4106 489 4188; x_wconf 86' lang='lat' dir='ltr'>abgesetate</span> <span class='ocrx_word' id='word_1_516' title='bbox 510 4107 642 4188; x_wconf 85' lang='lat' dir='ltr'>Vogtau</span> <span class='ocrx_word' id='word_1_517' title='bbox 657 4105 717 4166; x_wconf 89' lang='lat' dir='ltr'>den</span> <span class='ocrx_word' id='word_1_518' title='bbox 760 4104 841 4165; x_wconf 86' lang='lat' dir='ltr'>Note</span> <span class='ocrx_word' id='word_1_519' title='bbox 878 4108 892 4166; x_wconf 85' lang='lat'><strong>1</strong></span> <span class='ocrx_word' id='word_1_520' title='bbox 932 4102 992 4166; x_wconf 92' lang='lat' dir='ltr'>den</span> <span class='ocrx_word' id='word_1_521' title='bbox 1026 4104 1139 4165; x_wconf 88' lang='lat' dir='ltr'>Jahren</span> <span class='ocrx_word' id='word_1_522' title='bbox 1180 4106 1398 4183; x_wconf 83' lang='lat'>1218-1221,</span> <span class='ocrx_word' id='word_1_523' title='bbox 1434 4102 1556 4163; x_wconf 86' lang='lat' dir='ltr'>endlialr</span> 
     </span>
     <span class='ocr_line' id='line_1_47' title="bbox 72 4186 1557 4263; baseline -0.005 -11"><span class='ocrx_word' id='word_1_524' title='bbox 72 4193 175 4252; x_wconf 84' lang='lat' dir='ltr'>sowie</span> <span class='ocrx_word' id='word_1_525' title='bbox 190 4189 250 4251; x_wconf 90' lang='lat' dir='ltr'>den</span> <span class='ocrx_word' id='word_1_526' title='bbox 267 4189 332 4250; x_wconf 91' lang='lat' dir='ltr'>hier</span> <span class='ocrx_word' id='word_1_527' title='bbox 354 4210 421 4250; x_wconf 87' lang='lat' dir='ltr'>aum</span> <span class='ocrx_word' id='word_1_528' title='bbox 441 4195 542 4250; x_wconf 86' lang='lat' dir='ltr'>ersten</span> <span class='ocrx_word' id='word_1_529' title='bbox 560 4189 640 4250; x_wconf 81' lang='lat' dir='ltr'>Male</span> <span class='ocrx_word' id='word_1_530' title='bbox 655 4189 717 4249; x_wconf 83' lang='lat' dir='ltr'>aus·</span> <span class='ocrx_word' id='word_1_531' title='bbox 764 4187 949 4256; x_wconf 72' lang='lat' dir='ltr'>Trouillatl.</span> <span class='ocrx_word' id='word_1_532' title='bbox 973 4206 999 4248; x_wconf 90' lang='lat' dir='ltr'>c.</span> <span class='ocrx_word' id='word_1_533' title='bbox 1022 4187 1077 4248; x_wconf 91' lang='lat' dir='ltr'>der</span> <span class='ocrx_word' id='word_1_534' title='bbox 1093 4189 1160 4248; x_wconf 87' lang='lat' dir='ltr'>Zeit</span> <span class='ocrx_word' id='word_1_535' title='bbox 1179 4190 1321 4250; x_wconf 75' lang='lat' dir='ltr'>um12&#39;27</span> <span class='ocrx_word' id='word_1_536' title='bbox 1337 4206 1384 4263; x_wconf 87' lang='lat' dir='ltr'>zu,</span> <span class='ocrx_word' id='word_1_537' title='bbox 1406 4186 1557 4246; x_wconf 87' lang='lat' dir='ltr'>Letzterer</span> 
     </span>
     <span class='ocr_line' id='line_1_48' title="bbox 70 4267 1556 4351; baseline -0.005 -16"><span class='ocrx_word' id='word_1_538' title='bbox 70 4295 80 4335; x_wconf 88' lang='grc' dir='ltr'>ι</span> <span class='ocrx_word' id='word_1_539' title='bbox 104 4272 292 4334; x_wconf 75' lang='lat' dir='ltr'>sttdtischeu</span> <span class='ocrx_word' id='word_1_540' title='bbox 315 4273 395 4334; x_wconf 89' lang='lat' dir='ltr'>Rath</span> <span class='ocrx_word' id='word_1_541' title='bbox 417 4273 584 4334; x_wconf 87' lang='lat' dir='ltr'>eutrichten</span> <span class='ocrx_word' id='word_1_542' title='bbox 606 4271 680 4333; x_wconf 92' lang='lat' dir='ltr'>soll:</span> <span class='ocrx_word' id='word_1_543' title='bbox 755 4270 871 4350; x_wconf 90' lang='lat' dir='ltr'>jedoch</span> <span class='ocrx_word' id='word_1_544' title='bbox 900 4270 981 4330; x_wconf 89' lang='lat' dir='ltr'>noch</span> <span class='ocrx_word' id='word_1_545' title='bbox 1010 4270 1060 4332; x_wconf 86' lang='lat' dir='ltr'>die</span> <span class='ocrx_word' id='word_1_546' title='bbox 1085 4271 1285 4351; x_wconf 81' lang='lat' dir='ltr'>Mbglichkeit</span> <span class='ocrx_word' id='word_1_547' title='bbox 1313 4268 1394 4330; x_wconf 83' lang='lat' dir='ltr'>offen</span> <span class='ocrx_word' id='word_1_548' title='bbox 1423 4267 1556 4346; x_wconf 85' lang='lat' dir='ltr'>lassend,</span> 
     </span>
     <span class='ocr_line' id='line_1_49' title="bbox 99 4351 1556 4438; baseline -0.004 -22"><span class='ocrx_word' id='word_1_549' title='bbox 99 4356 162 4417; x_wconf 89' lang='lat' dir='ltr'>hoc</span> <span class='ocrx_word' id='word_1_550' title='bbox 193 4358 294 4438; x_wconf 89' lang='lat' dir='ltr'>sepius</span> <span class='ocrx_word' id='word_1_551' title='bbox 323 4357 367 4416; x_wconf 90' lang='lat' dir='ltr'>rei</span> <span class='ocrx_word' id='word_1_552' title='bbox 397 4357 508 4416; x_wconf 86' lang='lat' dir='ltr'>veritas</span> <span class='ocrx_word' id='word_1_553' title='bbox 540 4357 570 4416; x_wconf 92' lang='lat' dir='ltr'>in</span> <span class='ocrx_word' id='word_1_554' title='bbox 599 4355 718 4435; x_wconf 90' lang='lat' dir='ltr'>scriptis</span> <span class='ocrx_word' id='word_1_555' title='bbox 760 4353 831 4414; x_wconf 88' lang='lat' dir='ltr'>dass</span> <span class='ocrx_word' id='word_1_556' title='bbox 860 4373 894 4414; x_wconf 87' lang='lat' dir='ltr'>es</span> <span class='ocrx_word' id='word_1_557' title='bbox 926 4352 1009 4413; x_wconf 84' lang='lat' dir='ltr'>wohl</span> <span class='ocrx_word' id='word_1_558' title='bbox 1038 4374 1093 4435; x_wconf 85' lang='lat' dir='ltr'>gar</span> <span class='ocrx_word' id='word_1_559' title='bbox 1120 4360 1183 4414; x_wconf 88' lang='lat' dir='ltr'>erst</span> <span class='ocrx_word' id='word_1_560' title='bbox 1210 4361 1298 4413; x_wconf 89' lang='lat' dir='ltr'>unter</span> <span class='ocrx_word' id='word_1_561' title='bbox 1320 4351 1448 4412; x_wconf 85' lang='lat' dir='ltr'>Bischof</span> <span class='ocrx_word' id='word_1_562' title='bbox 1465 4351 1556 4411; x_wconf 92' lang='lat' dir='ltr'>Heiu-</span> 
     </span>
     <span class='ocr_line' id='line_1_50' title="bbox 70 4435 1556 4521; baseline -0.004 -23"><span class='ocrx_word' id='word_1_563' title='bbox 70 4488 79 4521; x_wconf 82' lang='lat'>‚</span> <span class='ocrx_word' id='word_1_564' title='bbox 115 4447 150 4499; x_wconf 87' lang='lat' dir='ltr'>ut</span> <span class='ocrx_word' id='word_1_565' title='bbox 172 4458 227 4520; x_wconf 90' lang='lat' dir='ltr'>per</span> <span class='ocrx_word' id='word_1_566' title='bbox 255 4440 434 4500; x_wconf 85' lang='lat' dir='ltr'>violentiam</span> <span class='ocrx_word' id='word_1_567' title='bbox 455 4457 510 4499; x_wconf 89' lang='lat' dir='ltr'>seu</span> <span class='ocrx_word' id='word_1_568' title='bbox 531 4438 717 4499; x_wconf 88' lang='lat' dir='ltr'>oblivionem</span> <span class='ocrx_word' id='word_1_569' title='bbox 760 4436 824 4499; x_wconf 91' lang='lat' dir='ltr'>rich</span> <span class='ocrx_word' id='word_1_570' title='bbox 847 4437 895 4497; x_wconf 92' lang='lat' dir='ltr'>lll.</span> <span class='ocrx_word' id='word_1_571' title='bbox 927 4455 988 4498; x_wconf 89' lang='lat' dir='ltr'>von</span> <span class='ocrx_word' id='word_1_572' title='bbox 1010 4436 1197 4518; x_wconf 83' lang='lat' dir='ltr'>Neuenburg</span> <span class='ocrx_word' id='word_1_573' title='bbox 1221 4435 1461 4511; x_wconf 65' lang='lat' dir='ltr'>(roob-1274)</span> <span class='ocrx_word' id='word_1_574' title='bbox 1493 4441 1556 4494; x_wconf 84' lang='lat' dir='ltr'>ent</span> 
     </span>
     <span class='ocr_line' id='line_1_51' title="bbox 103 4515 1556 4666; baseline -0.006 -82"><span class='ocrx_word' id='word_1_575' title='bbox 103 4524 307 4666; x_wconf 57' lang='lat' dir='ltr'>imprffuetur.</span> <span class='ocrx_word' id='word_1_576' title='bbox 359 4522 425 4583; x_wconf 87' lang='lat' dir='ltr'>Hac</span> <span class='ocrx_word' id='word_1_577' title='bbox 457 4524 548 4604; x_wconf 83' lang='lat' dir='ltr'>igitur</span> <span class='ocrx_word' id='word_1_578' title='bbox 584 4522 716 4583; x_wconf 88' lang='lat' dir='ltr'>munitus</span> <span class='ocrx_word' id='word_1_579' title='bbox 761 4518 890 4581; x_wconf 91' lang='lat' dir='ltr'>standeu</span> <span class='ocrx_word' id='word_1_580' title='bbox 918 4521 984 4580; x_wconf 89' lang='lat' dir='ltr'>sein</span> <span class='ocrx_word' id='word_1_581' title='bbox 1009 4520 1142 4599; x_wconf 78' lang='lat' dir='ltr'>kounte,</span> <span class='ocrx_word' id='word_1_582' title='bbox 1172 4520 1212 4580; x_wconf 93' lang='lat' dir='ltr'>da</span> <span class='ocrx_word' id='word_1_583' title='bbox 1234 4538 1290 4579; x_wconf 91' lang='lat' dir='ltr'>vor</span> <span class='ocrx_word' id='word_1_584' title='bbox 1312 4519 1389 4582; x_wconf 88' lang='grc'>1255</span> <span class='ocrx_word' id='word_1_585' title='bbox 1412 4515 1556 4598; x_wconf 80' lang='lat' dir='ltr'>uirgends</span> 
     </span>
     <span class='ocr_line' id='line_1_52' title="bbox 83 4600 1556 4687; baseline -0.005 -19"><span class='ocrx_word' id='word_1_586' title='bbox 83 4624 146 4687; x_wconf 81' lang='lat' dir='ltr'>ego</span> <span class='ocrx_word' id='word_1_587' title='bbox 203 4608 322 4668; x_wconf 89' lang='lat' dir='ltr'>euricus</span> <span class='ocrx_word' id='word_1_588' title='bbox 342 4607 401 4668; x_wconf 89' lang='lat' dir='ltr'>Dei</span> <span class='ocrx_word' id='word_1_589' title='bbox 420 4607 520 4687; x_wconf 81' lang='lat' dir='ltr'>gratia</span> <span class='ocrx_word' id='word_1_590' title='bbox 540 4604 716 4666; x_wconf 88' lang='lat' dir='ltr'>Basilicusis</span> <span class='ocrx_word' id='word_1_591' title='bbox 758 4605 807 4664; x_wconf 91' lang='lat' dir='ltr'>ein</span> <span class='ocrx_word' id='word_1_592' title='bbox 830 4603 915 4684; x_wconf 84' lang='lat' dir='ltr'>Vogt</span> <span class='ocrx_word' id='word_1_593' title='bbox 934 4602 1024 4684; x_wconf 88' lang='lat' dir='ltr'>Hugo</span> <span class='ocrx_word' id='word_1_594' title='bbox 1043 4603 1210 4664; x_wconf 84' lang='lat' dir='ltr'>Monachus</span> <span class='ocrx_word' id='word_1_595' title='bbox 1234 4602 1382 4677; x_wconf 78' lang='lat' dir='ltr'>(Mouch)</span> <span class='ocrx_word' id='word_1_596' title='bbox 1407 4600 1556 4681; x_wconf 80' lang='lat' dir='ltr'>begegue,</span> 
     </span>
     <span class='ocr_line' id='line_1_53' title="bbox 70 4682 1557 4772; baseline -0.003 -20"><span class='ocrx_word' id='word_1_597' title='bbox 70 4711 84 4752; x_wconf 88' lang='lat' dir='ltr'>s</span> <span class='ocrx_word' id='word_1_598' title='bbox 97 4690 310 4772; x_wconf 87' lang='lat' dir='ltr'>praesentibus</span> <span class='ocrx_word' id='word_1_599' title='bbox 322 4689 428 4751; x_wconf 86' lang='lat' dir='ltr'>litteris</span> <span class='ocrx_word' id='word_1_600' title='bbox 442 4687 591 4750; x_wconf 86' lang='lat' dir='ltr'>adnotare</span> <span class='ocrx_word' id='word_1_601' title='bbox 603 4689 716 4767; x_wconf 86' lang='lat' dir='ltr'>curavi,</span> <span class='ocrx_word' id='word_1_602' title='bbox 758 4686 1130 4749; x_wconf 75' lang='lat' dir='ltr'>wahrendeinsolchsrin</span> <span class='ocrx_word' id='word_1_603' title='bbox 1145 4686 1205 4747; x_wconf 88' lang='lat' dir='ltr'>den</span> <span class='ocrx_word' id='word_1_604' title='bbox 1226 4685 1340 4746; x_wconf 86' lang='lat' dir='ltr'>Jahren</span> <span class='ocrx_word' id='word_1_605' title='bbox 1354 4682 1557 4749; x_wconf 85' lang='grc'>1255-1280</span> 
     </span>
     <span class='ocr_line' id='line_1_54' title="bbox 70 4764 1556 4856; baseline -0.005 -21"><span class='ocrx_word' id='word_1_606' title='bbox 70 4776 150 4835; x_wconf 82' lang='lat' dir='ltr'>inter</span> <span class='ocrx_word' id='word_1_607' title='bbox 166 4777 239 4855; x_wconf 87' lang='lat' dir='ltr'>jura</span> <span class='ocrx_word' id='word_1_608' title='bbox 258 4775 395 4856; x_wconf 89' lang='lat' dir='ltr'>episcopi</span> <span class='ocrx_word' id='word_1_609' title='bbox 422 4781 454 4834; x_wconf 93' lang='lat' dir='ltr'>et</span> <span class='ocrx_word' id='word_1_610' title='bbox 475 4772 619 4835; x_wconf 88' lang='lat' dir='ltr'>advocati</span> <span class='ocrx_word' id='word_1_611' title='bbox 639 4775 716 4854; x_wconf 77' lang='lat' dir='ltr'>ejus</span> <span class='ocrx_word' id='word_1_612' title='bbox 763 4769 841 4833; x_wconf 76' lang='lat' dir='ltr'>diter</span> <span class='ocrx_word' id='word_1_613' title='bbox 859 4771 906 4833; x_wconf 88' lang='lat' dir='ltr'>als</span> <span class='ocrx_word' id='word_1_614' title='bbox 928 4769 1209 4851; x_wconf 81' lang='lat' dir='ltr'>Urkundeu-Zeuge</span> <span class='ocrx_word' id='word_1_615' title='bbox 1231 4765 1421 4850; x_wconf 80' lang='lat' dir='ltr'>angetroffeu</span> <span class='ocrx_word' id='word_1_616' title='bbox 1443 4764 1556 4828; x_wconf 87' lang='lat' dir='ltr'>werde.</span> 
     </span>
     <span class='ocr_line' id='line_1_55' title="bbox 70 4848 1594 4939; baseline -0.004 -21"><span class='ocrx_word' id='word_1_617' title='bbox 70 4859 145 4920; x_wconf 74' lang='lat' dir='ltr'>tatis</span> <span class='ocrx_word' id='word_1_618' title='bbox 167 4860 206 4918; x_wconf 92' lang='lat' dir='ltr'>sit</span> <span class='ocrx_word' id='word_1_619' title='bbox 223 4855 477 4939; x_wconf 82' lang='lat' dir='ltr'>distinguendum.</span> <span class='ocrx_word' id='word_1_620' title='bbox 506 4856 612 4918; x_wconf 91' lang='lat' dir='ltr'>Omnis</span> <span class='ocrx_word' id='word_1_621' title='bbox 628 4874 717 4917; x_wconf 86' lang='lat' dir='ltr'>exac-</span> <span class='ocrx_word' id='word_1_622' title='bbox 840 4858 936 4936; x_wconf 82' lang='lat'>1218,</span> <span class='ocrx_word' id='word_1_623' title='bbox 968 4854 1051 4936; x_wconf 79' lang='lat' dir='ltr'>Sept.</span> <span class='ocrx_word' id='word_1_624' title='bbox 1084 4857 1131 4917; x_wconf 83' lang='grc'>12.</span> <span class='ocrx_word' id='word_1_625' title='bbox 1179 4854 1242 4913; x_wconf 87' lang='lat' dir='ltr'>Der</span> <span class='ocrx_word' id='word_1_626' title='bbox 1274 4850 1428 4912; x_wconf 76' lang='lat' dir='ltr'>romische</span> <span class='ocrx_word' id='word_1_627' title='bbox 1455 4848 1594 4932; x_wconf 76' lang='lat' dir='ltr'>Konigl</span> 
     </span>
     <span class='ocr_line' id='line_1_56' title="bbox 70 4933 1556 5023; baseline -0.007 -18"><span class='ocrx_word' id='word_1_628' title='bbox 70 4944 308 5023; x_wconf 75' lang='lat' dir='ltr'>ramspiscopus</span> <span class='ocrx_word' id='word_1_629' title='bbox 324 4942 430 5004; x_wconf 83' lang='lat' dir='ltr'>fecerit</span> <span class='ocrx_word' id='word_1_630' title='bbox 449 4940 618 5003; x_wconf 75' lang='lat' dir='ltr'>iubasilsa</span> <span class='ocrx_word' id='word_1_631' title='bbox 638 4939 717 5000; x_wconf 91' lang='lat' dir='ltr'>duae</span> <span class='ocrx_word' id='word_1_632' title='bbox 763 4938 961 5001; x_wconf 88' lang='lat' dir='ltr'>Friedrich</span> <span class='ocrx_word' id='word_1_633' title='bbox 983 4939 1018 4999; x_wconf 92' lang='grc'>11.</span> <span class='ocrx_word' id='word_1_634' title='bbox 1046 4936 1175 4999; x_wconf 85' lang='lat' dir='ltr'>verleiht</span> <span class='ocrx_word' id='word_1_635' title='bbox 1196 4936 1265 4997; x_wconf 92' lang='lat' dir='ltr'>dern</span> <span class='ocrx_word' id='word_1_636' title='bbox 1289 4935 1320 4994; x_wconf 93' lang='lat' dir='ltr'>in</span> <span class='ocrx_word' id='word_1_637' title='bbox 1348 4933 1429 4995; x_wconf 91' lang='lat' dir='ltr'>allen</span> <span class='ocrx_word' id='word_1_638' title='bbox 1451 4933 1556 4994; x_wconf 89' lang='lat' dir='ltr'>seinen</span> 
     </span>
     <span class='ocr_line' id='line_1_57' title="bbox 70 5018 1559 5108; baseline -0.007 -20"><span class='ocrx_word' id='word_1_639' title='bbox 70 5034 189 5107; x_wconf 67' lang='lat' dir='ltr'>pectam</span> <span class='ocrx_word' id='word_1_640' title='bbox 209 5025 249 5087; x_wconf 87' lang='lat' dir='ltr'>ud</span> <span class='ocrx_word' id='word_1_641' title='bbox 265 5029 317 5108; x_wconf 86' lang='lat' dir='ltr'>jus</span> <span class='ocrx_word' id='word_1_642' title='bbox 340 5027 487 5107; x_wconf 89' lang='lat' dir='ltr'>episcopi,</span> <span class='ocrx_word' id='word_1_643' title='bbox 508 5026 599 5087; x_wconf 83' lang='lat' dir='ltr'>tertia</span> <span class='ocrx_word' id='word_1_644' title='bbox 621 5023 722 5105; x_wconf 89' lang='lat' dir='ltr'>adjus</span> <span class='ocrx_word' id='word_1_645' title='bbox 763 5022 912 5104; x_wconf 89' lang='lat' dir='ltr'>Rechten,</span> <span class='ocrx_word' id='word_1_646' title='bbox 934 5020 1154 5085; x_wconf 88' lang='lat' dir='ltr'>insbesondere</span> <span class='ocrx_word' id='word_1_647' title='bbox 1174 5019 1252 5082; x_wconf 89' lang='lat' dir='ltr'>auch</span> <span class='ocrx_word' id='word_1_648' title='bbox 1279 5019 1414 5098; x_wconf 91' lang='lat' dir='ltr'>„tamin</span> <span class='ocrx_word' id='word_1_649' title='bbox 1437 5018 1559 5079; x_wconf 85' lang='lat' dir='ltr'>civitate</span> 
     </span>
     <span class='ocr_line' id='line_1_58' title="bbox 72 5101 1558 5193; baseline -0.007 -20"><span class='ocrx_word' id='word_1_650' title='bbox 72 5158 82 5190; x_wconf 92' lang='lat'>,</span> <span class='ocrx_word' id='word_1_651' title='bbox 114 5122 238 5193; x_wconf 77' lang='lat' dir='ltr'>praeter</span> <span class='ocrx_word' id='word_1_652' title='bbox 260 5110 344 5171; x_wconf 88' lang='lat' dir='ltr'>illam</span> <span class='ocrx_word' id='word_1_653' title='bbox 367 5129 457 5191; x_wconf 90' lang='lat' dir='ltr'>quam</span> <span class='ocrx_word' id='word_1_654' title='bbox 480 5111 643 5191; x_wconf 89' lang='lat' dir='ltr'>episcopus</span> <span class='ocrx_word' id='word_1_655' title='bbox 665 5127 721 5189; x_wconf 88' lang='lat' dir='ltr'>pro</span> <span class='ocrx_word' id='word_1_656' title='bbox 764 5107 924 5168; x_wconf 81' lang='lat' dir='ltr'>Basiliensi</span> <span class='ocrx_word' id='word_1_657' title='bbox 947 5126 1038 5188; x_wconf 88' lang='lat' dir='ltr'>quam</span> <span class='ocrx_word' id='word_1_658' title='bbox 1059 5107 1090 5166; x_wconf 92' lang='lat' dir='ltr'>iu</span> <span class='ocrx_word' id='word_1_659' title='bbox 1107 5104 1200 5185; x_wconf 92' lang='lat' dir='ltr'>opido</span> <span class='ocrx_word' id='word_1_660' title='bbox 1212 5102 1444 5181; x_wconf 79' lang='lat' dir='ltr'>Brisacensi“⁸)</span> <span class='ocrx_word' id='word_1_661' title='bbox 1460 5101 1558 5163; x_wconf 70' lang='lat' dir='ltr'>besta·</span> 
     </span>
     <span class='ocr_line' id='line_1_59' title="bbox 70 5190 1182 5278; baseline -0.004 -21"><span class='ocrx_word' id='word_1_662' title='bbox 70 5214 122 5258; x_wconf 80' lang='lat' dir='ltr'>rue</span> <span class='ocrx_word' id='word_1_663' title='bbox 143 5194 292 5278; x_wconf 81' lang='lat' dir='ltr'>imperiali</span> <span class='ocrx_word' id='word_1_664' title='bbox 321 5194 371 5256; x_wconf 84' lang='lat' dir='ltr'>vel</span> <span class='ocrx_word' id='word_1_665' title='bbox 399 5213 456 5277; x_wconf 92' lang='lat' dir='ltr'>pro</span> <span class='ocrx_word' id='word_1_666' title='bbox 477 5195 586 5257; x_wconf 85' lang='lat' dir='ltr'>itinere</span> <span class='ocrx_word' id='word_1_667' title='bbox 611 5190 651 5255; x_wconf 89' lang='lat' dir='ltr'>ad</span> <span class='ocrx_word' id='word_1_668' title='bbox 673 5212 721 5255; x_wconf 90' lang='lat' dir='ltr'>cu·</span> <span class='ocrx_word' id='word_1_669' title='bbox 768 5225 1182 5239; x_wconf 78' lang='lat'>———-——-----</span> 
     </span>
    </p>

    <p class='ocr_par' dir='ltr' id='par_1_3' title="bbox 164 5280 1559 5357">
     <span class='ocr_line' id='line_1_60' title="bbox 164 5280 1559 5357; baseline -0.004 -14"><span class='ocrx_word' id='word_1_670' title='bbox 164 5318 346 5326; x_wconf 89' lang='lat'><em>---—-—</em></span> <span class='ocrx_word' id='word_1_671' title='bbox 834 5289 866 5353; x_wconf 87' lang='grc'>3)</span> <span class='ocrx_word' id='word_1_672' title='bbox 892 5287 954 5357; x_wconf 75' lang='lat' dir='ltr'>Vgl.</span> <span class='ocrx_word' id='word_1_673' title='bbox 980 5286 1049 5338; x_wconf 82' lang='lat' dir='ltr'>dsau</span> <span class='ocrx_word' id='word_1_674' title='bbox 1075 5284 1119 5338; x_wconf 88' lang='lat' dir='ltr'>dle</span> <span class='ocrx_word' id='word_1_675' title='bbox 1144 5284 1208 5339; x_wconf 85' lang='lat' dir='ltr'>Urlr.</span> <span class='ocrx_word' id='word_1_676' title='bbox 1233 5285 1257 5336; x_wconf 91' lang='lat' dir='ltr'>b.</span> <span class='ocrx_word' id='word_1_677' title='bbox 1278 5285 1407 5335; x_wconf 64' lang='grc' dir='ltr'>71ουὶ1111</span> <span class='ocrx_word' id='word_1_678' title='bbox 1432 5280 1449 5335; x_wconf 93' lang='lat' dir='ltr'>l.</span> <span class='ocrx_word' id='word_1_679' title='bbox 1468 5298 1491 5335; x_wconf 87' lang='lat' dir='ltr'>c.</span> <span class='ocrx_word' id='word_1_680' title='bbox 1511 5281 1559 5338; x_wconf 81' lang='lat' dir='ltr'>llr.</span> 
     </span>
    </p>
   </div>
   <div class='ocr_carea' id='block_1_3' title="bbox 70 5323 1292 5561">
    <p class='ocr_par' dir='ltr' id='par_1_4' title="bbox 70 5322 1292 5561">
     <span class='ocr_line' id='line_1_61' title="bbox 70 5323 1024 5444; baseline -0.014 -17"><span class='ocrx_word' id='word_1_681' title='bbox 70 5323 108 5444; x_wconf 62' lang='lat' dir='ltr'>gb</span> <span class='ocrx_word' id='word_1_682' title='bbox 125 5374 234 5427; x_wconf 66' lang='lat' dir='ltr'>m</span> <span class='ocrx_word' id='word_1_683' title='bbox 251 5386 276 5425; x_wconf 72' lang='lat' dir='ltr'>a</span> <span class='ocrx_word' id='word_1_684' title='bbox 296 5387 320 5426; x_wconf 82' lang='lat' dir='ltr'>a</span> <span class='ocrx_word' id='word_1_685' title='bbox 340 5370 372 5428; x_wconf 90' lang='grc'>0.</span> <span class='ocrx_word' id='word_1_686' title='bbox 392 5370 420 5426; x_wconf 88' lang='lat' dir='ltr'>S.</span> <span class='ocrx_word' id='word_1_687' title='bbox 439 5368 484 5439; x_wconf 76' lang='grc'>29,</span> <span class='ocrx_word' id='word_1_688' title='bbox 501 5369 547 5428; x_wconf 79' lang='grc'>43.</span> <span class='ocrx_word' id='word_1_689' title='bbox 764 5363 817 5421; x_wconf 84' lang='grc'>313</span> <span class='ocrx_word' id='word_1_690' title='bbox 834 5376 897 5434; x_wconf 69' lang='lat'>1²⁸8·</span> <span class='ocrx_word' id='word_1_691' title='bbox 915 5361 968 5421; x_wconf 73' lang='lat'>478</span> <span class='ocrx_word' id='word_1_692' title='bbox 985 5376 1024 5415; x_wconf 81' lang='lat' dir='ltr'>as.</span> 
     </span>
     <span class='ocr_line' id='line_1_62' title="bbox 70 5464 1292 5561; baseline -0.024 2"><span class='ocrx_word' id='word_1_693' title='bbox 70 5508 153 5561; x_wconf 57' lang='lat' dir='ltr'>aba</span> <span class='ocrx_word' id='word_1_694' title='bbox 166 5509 185 5561; x_wconf 77' lang='grc'>1</span> <span class='ocrx_word' id='word_1_695' title='bbox 198 5509 280 5551; x_wconf 75' lang='lat' dir='ltr'>nna</span> <span class='ocrx_word' id='word_1_696' title='bbox 1271 5464 1292 5534; x_wconf 81' lang='grc'>9</span> 
     </span>
    </p>
   </div>
   <div class='ocr_carea' id='block_1_4' title="bbox 0 0 1782 5826">
    <p class='ocr_par' dir='ltr' id='par_1_5' title="bbox 0 0 1782 5826">
     <span class='ocr_line' id='line_1_63' title="bbox 0 0 1782 5826; baseline 0 0"><span class='ocrx_word' id='word_1_697' title='bbox 0 0 1782 5826; x_wconf 95' lang='lat' dir='ltr'> </span> 
     </span>
    </p>
   </div>
  </div>
 </body>
</html>
