3548 5826
1368 136 1401 193 0

118 274 185 347 698
872 272 984 330 Datum.

119 440 231 498 tenore
263 429 460 513 presencium
495 426 640 491 devenire
668 429 823 511 cupimus,
866 445 924 489 nos
967 424 1207 508 composicionis
1230 423 1388 486 ordinacio
1422 429 1455 485 et
1474 421 1668 485 antedictcrn

120 519 251 580 formam
279 513 522 594 composicionis
557 512 710 592 quandam
740 530 832 594 super
859 512 923 592 qui·
967 510 1128 572 ticulorum
1152 506 1352 570 confirmacio
1366 527 1423 589 per
1443 526 1503 569 nos
1524 505 1668 589 promulg

120 598 250 664 busdam
284 597 503 662 controversiis
535 596 647 657 habitis
679 596 760 657 inter
793 595 923 656 dilectos
967 593 1071 674 eliqua
1091 594 1227 674 parcium
1251 593 1281 652 in
1304 592 1666 675 posterumvioletur,p

121 690 261 758 nostros,
294 679 440 742 videlicet
463 680 543 740 inter
564 678 721 740 dominum
745 678 923 741 abbatem
967 678 1110 758 scriptum
1141 677 1237 737 nostri
1266 674 1358 757 sigilli
1393 676 1567 736 munimine
1602 681 1635 736 et
1662 694 1668 734 ι

122 766 165 827 de
187 765 338 827 Oolbas
371 770 409 825 et
436 782 541 824 suum
575 770 808 822 conventum
840 768 925 842 parte
968 780 1033 821 rum
1056 759 1202 820 videlicet
1224 758 1339 820 domini
1362 758 1519 840 Bugeslai,
1543 759 1668 819 nostri:

124 869 164 911 ex
184 867 246 910 una
269 854 300 909 et
320 847 542 927 burgenses
564 844 609 906 de
638 844 924 908 civitateDam-
968 846 1019 924 qui
1052 842 1189 927 predicte
1227 843 1467 922 composicionis
1500 848 1534 901 et
1567 840 1668 903 ordina

123 932 181 993 bis
203 937 291 1013 parte
313 951 352 991 ex
373 928 491 1008 altera,
515 927 608 989 modo
632 934 663 988 et
684 929 784 989 torma
799 928 833 989 ul
854 946 925 988 con·
969 925 1121 988 mediator
1143 928 1269 1001 exstitit,
1292 924 1478 1006 perficimus,
1501 942 1668 986 necnon·

125 1015 264 1093 sequitur
287 1012 431 1075 edidisse.
452 1012 594 1094 inprimis
611 1011 732 1090 quidem
757 1011 925 1093 burgenses
968 1012 1079 1070 civium
1112 1011 1304 1090 appensione
1332 1010 1509 1069 curavimus
1554 1007 1668 1069 robore

126 1097 166 1158 de
188 1096 327 1177 predicta
349 1096 475 1155 civitate
496 1094 622 1155 Dambis
646 1094 844 1155 derelicto
869 1095 926 1157 ’ure
967 1093 1076 1154 Testes
1098 1093 1188 1174 huJus
1210 1098 1281 1152 sunt
1301 1091 1461 1153 lohannes
1484 1110 1597 1152 comes
1621 1090 1660 1151 de

126 1178 281 1258 lubecensi,
312 1179 350 1239 ad
389 1175 473 1258 quod
495 1175 661 1238 tenendum
689 1184 721 1237 et
743 1114 925 1238 servandum
970 1177 1054 1251 kow,
1077 1178 1223 1256 nragister
1235 1175 1415 1235 Lambertus
1427 1174 1587 1254 plebanus
1608 1172 1668 1235 inl]

128 1281 163 1323 se
184 1262 387 1342 ingesserant,
406 1261 453 1343 jus
474 1258 712 1342 magdeburgense,
725 1260 807 1340 quod
830 1279 849 1320 a
871 1260 928 1341 pri·
971 1259 1099 1320 clericus
1112 1258 1287 1320 Wolfoldus
1309 1257 1409 1318 dictus
1431 1256 1471 1317 de
1495 1254 1668 1333 Below,d

128 1346 297 1425 meipsius
320 1345 450 1404 civitatis
473 1341 600 1403 Dambis
621 1342 806 1404 fundacione
827 1342 929 1403 diuos·
971 1342 1113 1403 Hinricus
1135 1342 1174 1402 da
1195 1342 1305 1417 Reno,
1338 1339 1412 1401 Otto
1441 1338 1553 1401 Drako
1578 1340 1668 1401 milite

128 1428 207 1488 citur
226 1427 381 1504 habuisse,
405 1431 436 1486 et
458 1424 543 1485 sicud
567 1426 705 1505 primitus
727 1426 843 1487 eisdem
861 1425 928 1487 bur·
971 1426 1022 1486 slii
1045 1443 1135 1504 quam
1158 1424 1261 1504 plures
1283 1422 1344 1483 fide
1358 1422 1452 1502 digni.
1498 1422 1668 1503 Datumpr

127 1509 273 1591 gensibus
296 1529 315 1569 a
336 1509 433 1569 felicis
456 1508 686 1569 recordacionis
709 1508 854 1570 videlicet
876 1508 927 1569 do·
971 1528 1044 1568 num
1075 1508 1226 1568 lobannis
1258 1507 1354 1567 nostri
1387 1506 1501 1565 notarii
1536 1523 1625 1567 anno
1660 1522 1668 1567 t

126 1593 209 1653 mino
232 1593 390 1672 Barnym,
426 1598 513 1673 patre
535 1597 662 1667 nostro,
685 1610 752 1651 cum
776 1610 929 1653 consensu
971 1591 1025 1651 Mo,
1048 1589 1123 1652 00⁰.
1145 1591 1347 1670 nonagesimo
1371 1591 1528 1667 septimo,
1565 1594 1668 1668 quarto

126 1676 263 1736 unanimi
286 1674 405 1736 ebbstis
429 1682 460 1734 et
481 1682 651 1734 conventus
679 1673 719 1735 de
741 1673 855 1736 Colbas
878 1675 928 1734 hs·
971 1692 1022 1734 mo
1045 1674 1105 1734 kal.
1129 1672 1272 1753 Aprilis.“
1314 1673 1424 1732 Biedel
1449 1673 1481 1730 in
1515 1671 1578 1732 den
1603 1670 1668 1731 Ball

125 1757 198 1819 bere
221 1764 269 1819 est
289 1756 456 1836 indultum,
482 1776 520 1817 ex
550 1776 632 1817 nunc
655 1765 686 1818 et
708 1759 738 1817 in
761 1764 853 1819 antea
877 1756 929 1817 ob·
971 1756 1097 1817 Studien
1120 1755 1224 1835 Jahrg.
1250 1754 1315 1815 Vlll
1337 1754 1446 1816 flent
1474 1753 1598 1835 (1842)
1623 1751 1655 1817 S.

126 1840 302 1903 servabunt.
344 1839 420 1901 Item
444 1858 551 1901 omnes
581 1847 770 1921 proventus,
805 1842 856 1919 qui
890 1839 929 1900 de
971 1844 1007 1904 51
1033 1841 1087 1899 mit
1108 1837 1347 1918 Inhaltsangsbe
1369 1836 1399 1899 S.
1415 1835 1486 1913 148,
1510 1841 1564 1901 49.
1609 1834 1668 1917 Vgl

122 1921 247 2003 judiciis
270 1923 496 1985 dictecivitatis
515 1925 684 2002 evenerint,
707 1923 842 1987 totaliter
863 1942 929 2003 par·
972 1924 1181 1999 Biriqpemonu
1205 1939 1232 1984 n.
1259 1941 1286 1981 a.
1310 1919 1346 1982 Ο.
1377 1919 1407 1981 S.
1432 1921 1512 1998 186,
1536 1923 1668 1982 Ir'rotzs

125 2006 247 2087 tientur,
269 2013 302 2067 ut
323 2009 389 2088 ejus
410 2025 482 2086 pars
504 2025 564 2066 unu
577 2006 676 2084 nobis,
698 2005 800 2086 quoad
822 2006 929 2066 vixeri-
971 2005 1001 2066 S.
1026 2009 1094 2070 110.

125 2107 214 2169 mus,
237 2106 309 2171 pars
331 2089 429 2149 altera
450 2091 616 2150 conventui
640 2089 679 2150 de
701 2088 835 2172 Colbss,
856 2107 927 2185 pars
1052 2126 1143 2187 1299·
1188 2123 1250 2182 Der
1271 2121 1346 2182 Ab,
1366 2116 1598 2180 zucopbatz
1620 2138 1668 2199 „w

124 2189 199 2233 ⁹02⁰
221 2172 317 2233 “105⁸
338 2170 514 2248 ⁸⁰h¹¹¹tet02
542 2174 593 2251 qni
617 2174 648 2233 5¹¹
671 2179 833 2254 Pfe¹¹⁰mt⁸
855 2173 928 2268 cim?
970 2206 1034 2267 sich
1057 2208 1112 2266 mit
1133 2207 1233 2266 seiner
1254 2212 1401 2347 getreuen
1415 2201 1507 2262 stadt
1528 2203 1668 2264 Damm'

126 2260 190 2317 tate
203 2252 331 2321 Dambis
353 2260 562 2335 protempore
584 2256 682 2334 suerit,
704 2255 821 2336 absque
843 2274 927 2316 omni
971 2289 1025 2351 der
1047 2288 1188 2350 (Μυκη
1212 2309 1251 2348 un
1296 2283 1352 2348 de,
1374 2285 1499 2367 Anpage
1534 2284 1668 2347 einer}

127 2336 374 2400 contradictione
397 2336 487 2399 cedat
508 2338 604 2399 libere
635 2346 666 2400 et
696 2341 808 2418 quiete.
851 2339 925 2399 ltem
971 2374 1045 2453 (Β.)
1070 2375 1165 2433 ΜΖ
1208 2392 1236 2432 a·
1258 2390 1285 2431 a·
1308 2368 1345 2431 0,

125 2420 165 2481 de
186 2427 289 2502 pacto,
311 2440 401 2501 quem
424 2422 822 2503 preiatecivitatisDambis
844 2441 927 2482 man·
977 2440 980 2445 ·

99 2522 228 2564 ·sorum
250 2505 387 2586 agricole
409 2506 496 2564 ennis
523 2506 806 2587 singulistenentur
827 2504 927 2565 exsol·
1052 2493 1143 2555 1305·
1182 2488 1304 2569 Ηθηθὲ
1331 2487 1423 2549 0l⁸⁰
1447 2487 1470 2547 Ῑ·
1510 2496 1668 2569 ¹¹⁰t0¹¹⁸⁸8¹

125 2606 208 2666 sere,
230 2589 331 2648 taliter
344 2587 486 2648 duximus
501 2588 714 2667 ordinandum,
726 2596 760 2649 ut
780 2589 838 2670 ipsi
849 2589 926 2668 agri·
969 2575 1068 2636 Rsslhe
1098 2574 1153 2634 dei
1175 2572 1263 2633 5²³(st
1285 2572 1395 2668 pamm
1426 2569 1478 2666 dle
1509 2570 1668 2655 thflblffll

125 2671 195 2731 cole
239 2677 371 2751 quatuor
405 2669 522 2732 solidos
555 2671 749 2733 denariorum
778 2673 925 2732 currentis
968 2658 1078 2719 ΖὸῙῙθῐῑ
1100 2658 1156 2717 stus
1173 2656 1232 2753 det}
1255 2653 1366 2716 beldin
1389 2654 1549 2751 ²W¹⁸⁰h031
1575 2653 1668 2715 ΒΜ

125 2761 250 2816 monete
282 2753 320 2814 de
356 2773 466 2815 menso
496 2754 634 2835 quolibet
676 2756 764 2816 annis
797 2754 925 2835 singulis
969 2741 1075 2820 Pynilz
1103 2739 1309 2835 befissdltthess
1332 2737 1496 2835 Bljllsskessa
1528 2737 1635 2834 ”tndem
1665 2762 1668 2791 ¹

125 2837 208 2917 pacti
229 2839 373 2915 nomine,
412 2836 490 2898 duos
513 2838 657 2899 videlicet
685 2837 804 2916 solidos
825 2836 925 2914 nobis,
968 2824 1027 2884 (10¹1
1049 2825 1195 2919 Esslgssng
1216 2822 1317 2882 dleflffl'
1332 2820 1508 2916 Efflflfihme
1530 2819 1584 2882 ⁴¹¹0
1605 2820 1668 2882 GU

125 2919 227 2999 quoad
252 2921 427 2998 vixerimus,
450 2920 528 2981 duos
550 2921 667 2982 solidos
690 2921 829 3001 predicto
853 2939 924 2981 con·
967 2907 1061 2968 durch
1085 2909 1277 2985 Asswelfflfflg
1297 2903 1352 2965 aui
1375 2922 1484 2963 ⁸0¹¹¹0¹¹
1508 2903 1580 2964 2⁰¹¹
1602 2901 1668 2965 ΖΗ

125 3004 230 3063 ventui
252 3003 291 3064 de
314 3001 426 3065 Colbas
448 3005 478 3064 in
506 3004 585 3065 festo
615 3003 695 3065 beati
717 3004 836 3064 Martini
859 3022 925 3084 per·
968 2989 1190 3070 sssslflsshsidlgel·
1217 2987 1289 3069 (R)
1312 2990 1411 3048 Isim
1432 3005 1461 3047 Β·
1485 3005 1514 3047 ⁰·
1537 2986 1577 3048 0·

125 3093 221 3165 petuo
252 3086 373 3148 solvere
407 3086 599 3150 tenebuntur.
651 3087 726 3148 Item
762 3089 800 3147 de
831 3104 924 3147 censu
1051 3093 1141 3154 1308,
1186 3087 1333 3148 Derselbe
1366 3085 1470 3166 bringt
1512 3086 1666 3147 senacheri

125 3188 263 3230 arearum
286 3171 316 3229 in
340 3188 415 3249 seps
437 3169 519 3230 dicta
540 3171 664 3230 civitate
681 3170 807 3230 Dambis
824 3169 927 3230 taliter
968 3174 1095 3235 sinriten
1119 3172 1265 3234 stettin
1289 3169 1348 3231 und
1373 3170 1527 3243 Damm,
1568 3168 1668 3230 welphi

126 3251 317 3331 ordinamus,
341 3262 374 3314 ut
396 3272 505 3313 census
528 3252 700 3314 antedictus
721 3255 751 3313 in
775 3262 837 3313 tres
859 3272 925 3332 per·
971 3256 1118 3317 einander
1146 3258 1176 3315 in
1202 3256 1271 3315 eine.
1294 3253 1587 3333 Grenzstreitigkeit
1614 3251 1668 3313 bes

129 3342 176 3395 tes
200 3334 325 3413 divisus,
348 3355 418 3416 pars
441 3356 501 3396 une
523 3336 622 3414 uobis,
645 3336 741 3396 altera
763 3335 928 3396 conventui
970 3341 1051 3401 ihrer
1073 3339 1181 3400 nstlich
1205 3357 1276 3398 vom
1299 3334 1462 3396 Austlusse
1497 3336 1554 3396 der
1576 3335 1666 3396 Plone

126 3417 165 3478 de
187 3417 301 3479 Oolbas
324 3419 431 3497 cedat,
455 3427 486 3479 et
507 3419 664 3495 scultetus,
693 3420 797 3498 quiin
822 3418 927 3498 preha-
970 3443 1071 3506 genen
1094 3419 1383 3483 Gemeindewissen
1406 3419 1559 3499 gersthen
1583 3436 1668 3479 voret

127 3501 191 3563 bita
212 3502 337 3562 civitate
357 3501 483 3562 Dambis
506 3521 561 3582 pro
586 3510 726 3583 tempore
750 3502 849 3578 fuerit,
872 3508 927 3562 ter·
971 3526 1030 3567 nen
1056 3504 1219 3585 Vergleich
1237 3503 1292 3564 des
1323 3501 1437 3562 lnlralts
1465 3522 1504 3561 zu
1526 3500 1654 3577 Blande,

128 3585 176 3645 cie
199 3585 294 3663 partis
316 3585 451 3664 gaudeat¹
474 3587 632 3665 porcione.
676 3584 757 3646 Sane
780 3584 840 3644 hoc
861 3603 926 3664 spe·
971 3589 1020 3651 die
1050 3588 1178 3649 Wicsen
1213 3585 1330 3647 sudlich
1360 3585 1416 3644 des
1452 3584 1668 3666 Flossgrabens

127 3667 246 3727 cialiter
284 3669 430 3729 memorie
466 3668 740 3744 commendantes,
773 3666 855 3746 quod
890 3667 928 3726 de
973 3673 1061 3734 stadt
1083 3671 1220 3747 Damni,
1255 3667 1398 3730 nordlich
1419 3666 1587 3730 desselben
1609 3666 1660 3727 der

127 3749 269 3810 omnibus
303 3749 502 3831 proventibus
538 3752 569 3811 in
596 3755 661 3831 jam
692 3751 775 3810 dicta
806 3751 929 3811 civitate
973 3756 1082 3818 stettin
1106 3755 1242 3834 gehbren
1265 3751 1413 3812 sollten.“
1438 3750 1512 3826 (R.)
1539 3755 1668 3812 Krotzs

126 3831 253 3893 Dambis
276 3833 365 3894 nobis
387 3833 616 3914 obtingentibus
639 3834 712 3893 nibil
729 3832 928 3893 vendereseu
1054 3841 1145 3901 1311.
1195 3835 1344 3897 Derselba
1374 3832 1562 3915 nbereignct
1594 3833 1646 3893 der

125 3915 317 3995 iupheodare
339 3935 396 3976 nos
410 3918 509 3994 liceat,
532 3935 600 3976 cum
612 3918 785 3976 antedictos
800 3935 929 3996 proven·
971 3923 1081 3982 Damm
1099 3921 1277 3998 „antiquum
1288 3918 1422 3995 vicum“,
1437 3916 1488 3978 die
1499 3937 1523 3977 s.
1532 3938 1561 3999 g.
1576 3912 1668 3977 oldai

125 4005 172 4058 tus
194 3997 232 4058 ad
256 4006 397 4078 tempora
421 4000 482 4059 vite
504 4006 609 4059 nostre
631 4018 651 4058 a
672 3999 811 4080 predicta
832 3997 928 4059 eccle·
975 4009 988 4073 1
992 4006 1047 4077 R.)
1073 4006 1170 4065 Kratz
1191 4022 1218 4062 a.
1242 4022 1269 4062 a.
1291 4000 1329 4063 0.

124 4082 171 4141 sis.
194 4081 377 4146 Golbacensi
410 4081 525 4142 babere
562 4085 691 4143 termino
714 4081 746 4165 ⁴)
789 4083 929 4143 dinosca·
1056 4090 1145 4151 1834.
1198 4083 1347 4145 Derselbe
1391 4082 1547 4144 ttberlitsst
1588 4081 1640 4142 der

125 4181 200 4225 mus.
244 4163 320 4224 Item
345 4164 383 4224 de
407 4171 508 4224 meatu
531 4165 776 4226 molendinorum
808 4168 837 4225 in
862 4184 927 4244 pre·
971 4173 1080 4232 Darnm
1104 4169 1225 4249 „locum
1249 4165 1500 4239 Bestenebelue“,
1523 4187 1572 4226 um
1594 4164 1668 4225 darei

125 4246 207 4308 dicte
230 4248 353 4307 civitate
377 4246 503 4307 Dambis
534 4268 588 4308 seu
611 4250 797 4309 fossatorum
828 4247 929 4308 taliter
971 4255 1050 4315 Dori
1067 4251 1249 4333 annulegen.
1274 4247 1347 4331 (R.)
1374 4251 1473 4310 Ir'rotz
1499 4270 1527 4311 a.
1549 4270 1577 4310 a.
1600 4246 1633 4310 0.

125 4328 259 4390 ducimus
282 4328 509 4407 ordinandum,
540 4340 571 4391 ut
603 4335 668 4412 jam
693 4331 775 4392 dicte
796 4332 927 4392 civitatis
1052 4338 1143 4400 1897.
1187 4335 1247 4395 Die
1274 4334 1418 4412 Her-noge
1450 4330 1668 4394 Swantibor

125 4411 294 4495 burgenses
324 4412 415 4474 nullis
448 4412 596 4492 edificiis,
630 4414 926 4496 exaggeracionibus
969 4419 1167 4500 Bogislaw
1189 4416 1254 4478 VII.
1278 4416 1516 4476 vonPommern
1538 4420 1668 4497 gestatis

125 4501 179 4557 aut
213 4495 316 4575 aliquo
348 4514 533 4575 quocunque
561 4496 723 4558 obstaculo
756 4496 925 4578 predictum
969 4506 1105 4585 Burgern
1129 4520 1190 4562 von
1212 4500 1344 4573 Damm,
1374 4500 1414 4559 im
1438 4500 1528 4561 Falle
1549 4494 1668 4560 einerll

125 4596 206 4658 sque
228 4578 411 4640 coartabant
433 4598 486 4639 seu
510 4580 760 4660 coangustabunt
782 4587 926 4659 meatum,
968 4607 1031 4667 ung
1053 4584 1114 4646 und
1137 4585 1271 4663 Storung
1304 4582 1386 4642 ihrer
1424 4582 1521 4644 ireien
1546 4578 1668 4645 Semebit

125 4660 182 4722 sed
199 4660 285 4722 sicud
308 4661 346 4722 ab
370 4663 497 4741 antiquo
528 4661 642 4722 fluxum
670 4665 700 4723 in
724 4662 832 4724 eadem
855 4665 926 4724 civi·
969 4669 1064 4731 durch
1089 4668 1139 4729 die
1162 4666 1360 4729 stettiner
1381 4665 1481 4726 wider
1504 4666 1588 4727 disse
1608 4666 1668 4745 Bep

125 4750 187 4806 tate
210 4752 241 4806 et
267 4748 358 4825 juxta
387 4746 541 4806 civit-atem
571 4754 602 4806 et
628 4747 658 4806 in
688 4765 798 4827 eampo
832 4747 928 4808 tenuit
970 4755 1032 4814 tien
1075 4773 1111 4812 zu
1155 4750 1244 4811 uben.
1290 4748 1363 4829 (R.)
1411 4751 1511 4811 Krorz
1553 4768 1580 4812 a.
1608 4748 1668 4809 et

126 4835 158 4887 et
181 4845 301 4888 cursum
325 4835 489 4907 ceteroque
523 4829 620 4890 litoris
656 4829 792 4910 gaudeat
820 4830 928 4907 alren,
974 4840 1042 4900 111.

125 4916 157 4970 et
178 4912 202 4971 si
214 4910 326 4972 alicubi
339 4919 476 4992 protacta
497 4919 617 4973 meatus
631 4931 710 4992 sque
731 4920 778 4974 est
791 4912 927 4973 obstruc-
1054 4917 1087 4978 ln
1118 4916 1173 4977 der
1199 4916 1331 4977 zweiten
1354 4913 1459 4975 Ht'slite
1491 4915 1547 4977 des
1575 4911 1650 4975 XIV.

124 4998 196 5071 tus,
229 5014 299 5055 aum
330 4995 446 5075 pretate
479 4997 611 5056 civitatis
634 4996 802 5077 burgenses
824 4998 924 5057 cursui
968 5002 1071 5063 finden
1100 5003 1157 5062 wir
1184 4998 1314 5077 Damm,
1348 4997 1536 5059 urkundlinh
1564 4995 1668 5057 nsohvr

123 5076 252 5155 pristino
265 5076 512 5156 emancipabant.
535 5078 581 5139 Nc
603 5098 676 5140 vero
699 5099 791 5162 supra
812 5080 926 5160 scripte
969 5084 1085 5147 freilieh
1108 5104 1165 5145 nur
1187 5081 1298 5142 einmal
1324 5079 1405 5145 1394
1429 5116 1470 5127 -
1505 5088 1593 5142 anter
1619 5077 1668 5139 det

970 5168 1093 5229 sischen
1137 5165 1264 5229 Siddten
1309 5163 1364 5224 des
1398 5160 1658 5226 Pommerlsndss.

972 5253 1138 5327 Barthold,
1165 5247 1277 5310 Gesch.
1315 5245 1370 5307 der
1392 5246 1492 5309 dtsclu
1527 5242 1668 5309 Hanss'l

156 5341 191 5408 d)
210 5339 367 5396 Vielleicbt:
386 5346 490 5414 umen,
508 5346 643 5399 tantum?
971 5336 1002 5399 S.
1025 5333 1096 5399 228.
