<?xml version="1.0" encoding="UTF-8"?>
<!DOCTYPE html PUBLIC "-//W3C//DTD XHTML 1.0 Transitional//EN"
    "http://www.w3.org/TR/xhtml1/DTD/xhtml1-transitional.dtd">
<html xmlns="http://www.w3.org/1999/xhtml" xml:lang="en" lang="en">
 <head>
  <title>
</title>
<meta http-equiv="Content-Type" content="text/html;charset=utf-8" />
  <meta name='ocr-system' content='tesseract 3.04.00' />
  <meta name='ocr-capabilities' content='ocr_page ocr_carea ocr_par ocr_line ocrx_word'/>
</head>
<body>
  <div class='ocr_page' id='page_1' title='image "./codexjurismunic00genggoog/codexjurismunic00genggoog_0301.png"; bbox 0 0 3548 5826; ppageno 0'>
   <div class='ocr_carea' id='block_1_1' title="bbox 221 293 1148 378">
    <p class='ocr_par' dir='ltr' id='par_1_1' title="bbox 221 293 1148 378">
     <span class='ocr_line' id='line_1_1' title="bbox 221 293 1148 378; baseline -0.011 -5"><span class='ocrx_word' id='word_1_1' title='bbox 221 293 292 373; x_wconf 54' lang='grc' dir='ltr'>Ἠ</span> <span class='ocrx_word' id='word_1_2' title='bbox 907 338 912 353; x_wconf 86' lang='lat'><strong>·</strong></span> <span class='ocrx_word' id='word_1_3' title='bbox 960 304 1148 378; x_wconf 60' lang='lat' dir='ltr'>umentes.</span> 
     </span>
    </p>
   </div>
   <div class='ocr_carea' id='block_1_2' title="bbox 216 454 1631 5440">
    <p class='ocr_par' dir='ltr' id='par_1_2' title="bbox 216 454 1631 5440">
     <span class='ocr_line' id='line_1_2' title="bbox 223 454 1631 543; baseline 0.001 -27"><span class='ocrx_word' id='word_1_4' title='bbox 223 454 344 516; x_wconf 80' lang='lat' dir='ltr'>freiheit</span> <span class='ocrx_word' id='word_1_5' title='bbox 369 457 480 537; x_wconf 83' lang='lat' dir='ltr'>gehdrt</span> <span class='ocrx_word' id='word_1_6' title='bbox 507 457 570 519; x_wconf 83' lang='lat' dir='ltr'>und</span> <span class='ocrx_word' id='word_1_7' title='bbox 591 478 657 521; x_wconf 84' lang='lat' dir='ltr'>was</span> <span class='ocrx_word' id='word_1_8' title='bbox 684 458 734 522; x_wconf 87' lang='lat' dir='ltr'>die</span> <span class='ocrx_word' id='word_1_9' title='bbox 763 459 890 543; x_wconf 80' lang='lat' dir='ltr'>nbrigsn</span> <span class='ocrx_word' id='word_1_10' title='bbox 911 461 1011 527; x_wconf 83' lang='lat' dir='ltr'>Huien</span> <span class='ocrx_word' id='word_1_11' title='bbox 1051 461 1110 541; x_wconf 80' lang='lat' dir='ltr'>hijs</span> <span class='ocrx_word' id='word_1_12' title='bbox 1132 461 1245 521; x_wconf 91' lang='lat' dir='ltr'>mansis</span> <span class='ocrx_word' id='word_1_13' title='bbox 1268 458 1410 520; x_wconf 90' lang='lat' dir='ltr'>omnibus</span> <span class='ocrx_word' id='word_1_14' title='bbox 1425 458 1631 540; x_wconf 85' lang='lat' dir='ltr'>excipimusc</span> 
     </span>
     <span class='ocr_line' id='line_1_3' title="bbox 217 537 1631 623; baseline 0.001 -24"><span class='ocrx_word' id='word_1_15' title='bbox 217 537 350 618; x_wconf 80' lang='lat' dir='ltr'>jdhrlich</span> <span class='ocrx_word' id='word_1_16' title='bbox 378 559 415 599; x_wconf 87' lang='lat' dir='ltr'>zu</span> <span class='ocrx_word' id='word_1_17' title='bbox 436 540 542 601; x_wconf 82' lang='lat' dir='ltr'>ainsen</span> <span class='ocrx_word' id='word_1_18' title='bbox 568 540 687 621; x_wconf 89' lang='lat' dir='ltr'>haben,·</span> <span class='ocrx_word' id='word_1_19' title='bbox 716 542 822 604; x_wconf 91' lang='lat' dir='ltr'>bindet</span> <span class='ocrx_word' id='word_1_20' title='bbox 849 543 1011 609; x_wconf 78' lang='lat' dir='ltr'>diednle-</span> <span class='ocrx_word' id='word_1_21' title='bbox 1053 564 1105 606; x_wconf 91' lang='lat' dir='ltr'>sos</span> <span class='ocrx_word' id='word_1_22' title='bbox 1133 545 1211 604; x_wconf 90' lang='lat' dir='ltr'>inter</span> <span class='ocrx_word' id='word_1_23' title='bbox 1239 548 1336 603; x_wconf 87' lang='lat' dir='ltr'>metas</span> <span class='ocrx_word' id='word_1_24' title='bbox 1366 541 1416 604; x_wconf 85' lang='lat' dir='ltr'>vel</span> <span class='ocrx_word' id='word_1_25' title='bbox 1438 542 1579 623; x_wconf 82' lang='lat' dir='ltr'>granicss</span> <span class='ocrx_word' id='word_1_26' title='bbox 1607 544 1631 622; x_wconf 78' lang='lat' dir='ltr'>ej</span> 
     </span>
     <span class='ocr_line' id='line_1_4' title="bbox 222 623 1631 706; baseline 0.004 -26"><span class='ocrx_word' id='word_1_27' title='bbox 222 641 307 703; x_wconf 88' lang='lat' dir='ltr'>gung</span> <span class='ocrx_word' id='word_1_28' title='bbox 334 641 396 684; x_wconf 88' lang='lat' dir='ltr'>von</span> <span class='ocrx_word' id='word_1_29' title='bbox 418 623 540 685; x_wconf 84' lang='lat' dir='ltr'>hluhlen</span> <span class='ocrx_word' id='word_1_30' title='bbox 562 643 601 703; x_wconf 83' lang='lat' dir='ltr'>an</span> <span class='ocrx_word' id='word_1_31' title='bbox 624 624 796 687; x_wconf 89' lang='lat' dir='ltr'>besondere</span> <span class='ocrx_word' id='word_1_32' title='bbox 817 626 1011 706; x_wconf 80' lang='lat' dir='ltr'>Erlaubniss3</span> <span class='ocrx_word' id='word_1_33' title='bbox 1053 629 1123 687; x_wconf 87' lang='lat' dir='ltr'>tatis</span> <span class='ocrx_word' id='word_1_34' title='bbox 1145 632 1322 704; x_wconf 87' lang='lat' dir='ltr'>contentos,</span> <span class='ocrx_word' id='word_1_35' title='bbox 1345 642 1631 706; x_wconf 63' lang='lat' dir='ltr'>quosprememora‘</span> 
     </span>
     <span class='ocr_line' id='line_1_5' title="bbox 222 703 1631 790; baseline 0.001 -24"><span class='ocrx_word' id='word_1_36' title='bbox 222 703 288 784; x_wconf 86' lang='lat' dir='ltr'>gibt</span> <span class='ocrx_word' id='word_1_37' title='bbox 308 703 358 767; x_wconf 94' lang='lat' dir='ltr'>die</span> <span class='ocrx_word' id='word_1_38' title='bbox 380 704 525 767; x_wconf 78' lang='lat' dir='ltr'>(larichte</span> <span class='ocrx_word' id='word_1_39' title='bbox 544 707 704 771; x_wconf 89' lang='lat' dir='ltr'>innerhalb</span> <span class='ocrx_word' id='word_1_40' title='bbox 727 708 781 771; x_wconf 90' lang='lat' dir='ltr'>dar</span> <span class='ocrx_word' id='word_1_41' title='bbox 802 709 890 771; x_wconf 81' lang='lat' dir='ltr'>Stadt</span> <span class='ocrx_word' id='word_1_42' title='bbox 910 710 1011 777; x_wconf 79' lang='lat' dir='ltr'>dieser</span> <span class='ocrx_word' id='word_1_43' title='bbox 1053 710 1168 770; x_wconf 90' lang='lat' dir='ltr'>civibus</span> <span class='ocrx_word' id='word_1_44' title='bbox 1189 729 1245 790; x_wconf 91' lang='lat' dir='ltr'>pro</span> <span class='ocrx_word' id='word_1_45' title='bbox 1265 709 1387 789; x_wconf 88' lang='lat' dir='ltr'>pascuis</span> <span class='ocrx_word' id='word_1_46' title='bbox 1409 716 1441 769; x_wconf 92' lang='lat' dir='ltr'>et</span> <span class='ocrx_word' id='word_1_47' title='bbox 1453 705 1586 769; x_wconf 92' lang='lat' dir='ltr'>comodo</span> <span class='ocrx_word' id='word_1_48' title='bbox 1601 707 1631 767; x_wconf 55' lang='lat' dir='ltr'>ci*</span> 
     </span>
     <span class='ocr_line' id='line_1_6' title="bbox 222 786 1625 874; baseline 0.003 -26"><span class='ocrx_word' id='word_1_49' title='bbox 222 786 336 849; x_wconf 78' lang='lat' dir='ltr'>erhlich</span> <span class='ocrx_word' id='word_1_50' title='bbox 357 796 446 850; x_wconf 81' lang='lat' dir='ltr'>untur</span> <span class='ocrx_word' id='word_1_51' title='bbox 465 789 629 851; x_wconf 86' lang='lat' dir='ltr'>ancisun</span> <span class='ocrx_word' id='word_1_52' title='bbox 671 810 733 854; x_wconf 87' lang='lat' dir='ltr'>von</span> <span class='ocrx_word' id='word_1_53' title='bbox 755 794 833 853; x_wconf 83' lang='lat' dir='ltr'>awei</span> <span class='ocrx_word' id='word_1_54' title='bbox 855 793 1009 855; x_wconf 87' lang='lat' dir='ltr'>Drittthei·</span> <span class='ocrx_word' id='word_1_55' title='bbox 1051 793 1109 854; x_wconf 89' lang='lat' dir='ltr'>hos</span> <span class='ocrx_word' id='word_1_56' title='bbox 1139 791 1333 874; x_wconf 77' lang='lat' dir='ltr'>singulariter</span> <span class='ocrx_word' id='word_1_57' title='bbox 1354 792 1450 852; x_wconf 88' lang='lat' dir='ltr'>eciam</span> <span class='ocrx_word' id='word_1_58' title='bbox 1478 789 1625 872; x_wconf 86' lang='lat' dir='ltr'>paludem</span> 
     </span>
     <span class='ocr_line' id='line_1_7' title="bbox 221 811 1631 957; baseline 0.002 -27"><span class='ocrx_word' id='word_1_59' title='bbox 221 871 272 931; x_wconf 91' lang='lat' dir='ltr'>lan</span> <span class='ocrx_word' id='word_1_60' title='bbox 294 869 348 931; x_wconf 91' lang='lat' dir='ltr'>der</span> <span class='ocrx_word' id='word_1_61' title='bbox 369 871 480 933; x_wconf 86' lang='lat' dir='ltr'>darana</span> <span class='ocrx_word' id='word_1_62' title='bbox 503 811 696 935; x_wconf 78' lang='lat' dir='ltr'>fliessendem</span> <span class='ocrx_word' id='word_1_63' title='bbox 713 875 849 954; x_wconf 69' lang='lat' dir='ltr'>Gaude,</span> <span class='ocrx_word' id='word_1_64' title='bbox 871 877 1010 957; x_wconf 76' lang='lat' dir='ltr'>gewdhrt</span> <span class='ocrx_word' id='word_1_65' title='bbox 1053 875 1229 938; x_wconf 76' lang='lat' dir='ltr'>eternaliter</span> <span class='ocrx_word' id='word_1_66' title='bbox 1242 882 1442 955; x_wconf 86' lang='lat' dir='ltr'>acperpetuo</span> <span class='ocrx_word' id='word_1_67' title='bbox 1461 872 1631 935; x_wconf 89' lang='lat' dir='ltr'>contulimn</span> 
     </span>
     <span class='ocr_line' id='line_1_8' title="bbox 221 953 1631 1036; baseline 0.004 -23"><span class='ocrx_word' id='word_1_68' title='bbox 221 953 281 1015; x_wconf 88' lang='lat' dir='ltr'>den</span> <span class='ocrx_word' id='word_1_69' title='bbox 292 953 429 1036; x_wconf 88' lang='lat' dir='ltr'>Bdrgern</span> <span class='ocrx_word' id='word_1_70' title='bbox 441 954 496 1016; x_wconf 89' lang='lat' dir='ltr'>das</span> <span class='ocrx_word' id='word_1_71' title='bbox 513 965 684 1036; x_wconf 84' lang='lat' dir='ltr'>gesammte</span> <span class='ocrx_word' id='word_1_72' title='bbox 696 957 814 1023; x_wconf 77' lang='lat' dir='ltr'>liblacis</span> <span class='ocrx_word' id='word_1_73' title='bbox 826 960 933 1035; x_wconf 84' lang='lat' dir='ltr'>Recht,</span> <span class='ocrx_word' id='word_1_74' title='bbox 954 960 1010 1021; x_wconf 86' lang='lat' dir='ltr'>ler-</span> <span class='ocrx_word' id='word_1_75' title='bbox 1053 957 1208 1021; x_wconf 88' lang='lat' dir='ltr'>sidendos.</span> <span class='ocrx_word' id='word_1_76' title='bbox 1242 957 1359 1018; x_wconf 90' lang='lat' dir='ltr'>Horum</span> <span class='ocrx_word' id='word_1_77' title='bbox 1380 964 1481 1019; x_wconf 90' lang='lat' dir='ltr'>autem</span> <span class='ocrx_word' id='word_1_78' title='bbox 1496 973 1631 1018; x_wconf 82' lang='lat' dir='ltr'>mansum</span> 
     </span>
     <span class='ocr_line' id='line_1_9' title="bbox 223 1037 1631 1123; baseline 0.003 -26"><span class='ocrx_word' id='word_1_79' title='bbox 223 1056 279 1099; x_wconf 89' lang='lat' dir='ltr'>nar</span> <span class='ocrx_word' id='word_1_80' title='bbox 298 1037 394 1099; x_wconf 85' lang='lat' dir='ltr'>lraien</span> <span class='ocrx_word' id='word_1_81' title='bbox 414 1038 579 1119; x_wconf 84' lang='lat' dir='ltr'>Fischfang</span> <span class='ocrx_word' id='word_1_82' title='bbox 605 1041 645 1100; x_wconf 90' lang='lat' dir='ltr'>im</span> <span class='ocrx_word' id='word_1_83' title='bbox 669 1040 889 1107; x_wconf 85' lang='lat' dir='ltr'>bischdllichen</span> <span class='ocrx_word' id='word_1_84' title='bbox 904 1042 1011 1104; x_wconf 85' lang='lat' dir='ltr'>Theila</span> <span class='ocrx_word' id='word_1_85' title='bbox 1053 1041 1107 1103; x_wconf 89' lang='lat' dir='ltr'>des</span> <span class='ocrx_word' id='word_1_86' title='bbox 1129 1041 1179 1102; x_wconf 88' lang='lat' dir='ltr'>vel</span> <span class='ocrx_word' id='word_1_87' title='bbox 1199 1043 1339 1123; x_wconf 83' lang='lat' dir='ltr'>granica,</span> <span class='ocrx_word' id='word_1_88' title='bbox 1361 1060 1401 1101; x_wconf 90' lang='lat' dir='ltr'>ne</span> <span class='ocrx_word' id='word_1_89' title='bbox 1423 1040 1459 1101; x_wconf 93' lang='lat' dir='ltr'>lis</span> <span class='ocrx_word' id='word_1_90' title='bbox 1481 1058 1567 1101; x_wconf 85' lang='lat' dir='ltr'>error</span> <span class='ocrx_word' id='word_1_91' title='bbox 1587 1039 1631 1101; x_wconf 80' lang='lat' dir='ltr'>va]</span> 
     </span>
     <span class='ocr_line' id='line_1_10' title="bbox 222 1119 1631 1205; baseline 0.002 -24"><span class='ocrx_word' id='word_1_92' title='bbox 222 1119 276 1181; x_wconf 90' lang='lat' dir='ltr'>des</span> <span class='ocrx_word' id='word_1_93' title='bbox 292 1120 597 1183; x_wconf 82' lang='lat' dir='ltr'>frischenllaffsund</span> <span class='ocrx_word' id='word_1_94' title='bbox 620 1124 651 1182; x_wconf 91' lang='lat' dir='ltr'>in</span> <span class='ocrx_word' id='word_1_95' title='bbox 668 1122 894 1205; x_wconf 88' lang='lat' dir='ltr'>derPassarge,</span> <span class='ocrx_word' id='word_1_96' title='bbox 915 1125 1010 1187; x_wconf 83' lang='lat' dir='ltr'>freicn</span> <span class='ocrx_word' id='word_1_97' title='bbox 1052 1144 1108 1205; x_wconf 93' lang='lat' dir='ltr'>per</span> <span class='ocrx_word' id='word_1_98' title='bbox 1138 1124 1196 1203; x_wconf 88' lang='lat' dir='ltr'>hijs</span> <span class='ocrx_word' id='word_1_99' title='bbox 1226 1125 1416 1205; x_wconf 80' lang='lat' dir='ltr'>inposterum</span> <span class='ocrx_word' id='word_1_100' title='bbox 1449 1123 1579 1200; x_wconf 89' lang='lat' dir='ltr'>oriatur,</span> <span class='ocrx_word' id='word_1_101' title='bbox 1613 1127 1631 1183; x_wconf 74' lang='lat' dir='ltr'>a</span> 
     </span>
     <span class='ocr_line' id='line_1_11' title="bbox 219 1203 1631 1287; baseline 0.002 -23"><span class='ocrx_word' id='word_1_102' title='bbox 219 1203 329 1281; x_wconf 80' lang='lat' dir='ltr'>Markt,</span> <span class='ocrx_word' id='word_1_103' title='bbox 351 1204 426 1266; x_wconf 84' lang='lat' dir='ltr'>freis</span> <span class='ocrx_word' id='word_1_104' title='bbox 441 1204 620 1286; x_wconf 84' lang='lat' dir='ltr'>Veriugung</span> <span class='ocrx_word' id='word_1_105' title='bbox 641 1206 715 1267; x_wconf 82' lang='lat' dir='ltr'>uber</span> <span class='ocrx_word' id='word_1_106' title='bbox 736 1207 800 1267; x_wconf 87' lang='lat' dir='ltr'>ihre</span> <span class='ocrx_word' id='word_1_107' title='bbox 822 1207 906 1268; x_wconf 88' lang='lat' dir='ltr'>nicht</span> <span class='ocrx_word' id='word_1_108' title='bbox 927 1208 1010 1268; x_wconf 90' lang='lat' dir='ltr'>lehn·</span> <span class='ocrx_word' id='word_1_109' title='bbox 1075 1214 1174 1268; x_wconf 89' lang='lat' dir='ltr'>untur.</span> <span class='ocrx_word' id='word_1_110' title='bbox 1216 1207 1318 1268; x_wconf 86' lang='lat' dir='ltr'>Primo</span> <span class='ocrx_word' id='word_1_111' title='bbox 1345 1206 1490 1267; x_wconf 88' lang='lat' dir='ltr'>videlicet</span> <span class='ocrx_word' id='word_1_112' title='bbox 1518 1206 1631 1287; x_wconf 84' lang='lat' dir='ltr'>incipis</span> 
     </span>
     <span class='ocr_line' id='line_1_12' title="bbox 219 1228 1631 1368; baseline 0.003 -21"><span class='ocrx_word' id='word_1_113' title='bbox 219 1285 641 1368; x_wconf 83' lang='lat' dir='ltr'>barenGrundbesitnungen,</span> <span class='ocrx_word' id='word_1_114' title='bbox 654 1288 728 1350; x_wconf 85' lang='lat' dir='ltr'>freie</span> <span class='ocrx_word' id='word_1_115' title='bbox 741 1289 1010 1352; x_wconf 81' lang='lat' dir='ltr'>WahlderStadt</span> <span class='ocrx_word' id='word_1_116' title='bbox 1052 1228 1135 1351; x_wconf 75' lang='lat' dir='ltr'>duvii</span> <span class='ocrx_word' id='word_1_117' title='bbox 1158 1290 1244 1352; x_wconf 80' lang='lat' dir='ltr'>Seria</span> <span class='ocrx_word' id='word_1_118' title='bbox 1265 1290 1337 1351; x_wconf 89' lang='lat' dir='ltr'>dicti</span> <span class='ocrx_word' id='word_1_119' title='bbox 1359 1290 1413 1351; x_wconf 93' lang='lat' dir='ltr'>illo</span> <span class='ocrx_word' id='word_1_120' title='bbox 1435 1291 1466 1349; x_wconf 89' lang='lat' dir='ltr'>in</span> <span class='ocrx_word' id='word_1_121' title='bbox 1490 1289 1579 1367; x_wconf 92' lang='lat' dir='ltr'>loco,</span> <span class='ocrx_word' id='word_1_122' title='bbox 1602 1288 1631 1351; x_wconf 90' lang='lat' dir='ltr'>nl</span> 
     </span>
     <span class='ocr_line' id='line_1_13' title="bbox 221 1368 1630 1454; baseline 0.002 -23"><span class='ocrx_word' id='word_1_123' title='bbox 221 1368 335 1431; x_wconf 88' lang='lat' dir='ltr'>oberen</span> <span class='ocrx_word' id='word_1_124' title='bbox 357 1370 419 1431; x_wconf 90' lang='lat' dir='ltr'>und</span> <span class='ocrx_word' id='word_1_125' title='bbox 441 1370 491 1431; x_wconf 94' lang='lat' dir='ltr'>die</span> <span class='ocrx_word' id='word_1_126' title='bbox 509 1371 586 1431; x_wconf 87' lang='lat' dir='ltr'>Beln</span> <span class='ocrx_word' id='word_1_127' title='bbox 608 1373 670 1432; x_wconf 92' lang='lat' dir='ltr'>niss</span> <span class='ocrx_word' id='word_1_128' title='bbox 692 1393 744 1432; x_wconf 85' lang='lat' dir='ltr'>zur</span> <span class='ocrx_word' id='word_1_129' title='bbox 761 1373 927 1454; x_wconf 88' lang='lat' dir='ltr'>Anlegung</span> <span class='ocrx_word' id='word_1_130' title='bbox 947 1394 1008 1435; x_wconf 90' lang='lat' dir='ltr'>von</span> <span class='ocrx_word' id='word_1_131' title='bbox 1052 1372 1159 1434; x_wconf 90' lang='lat' dir='ltr'>videns</span> <span class='ocrx_word' id='word_1_132' title='bbox 1174 1373 1257 1435; x_wconf 90' lang='lat' dir='ltr'>bona</span> <span class='ocrx_word' id='word_1_133' title='bbox 1270 1372 1464 1434; x_wconf 89' lang='lat' dir='ltr'>dominorum</span> <span class='ocrx_word' id='word_1_134' title='bbox 1477 1372 1630 1434; x_wconf 88' lang='lat' dir='ltr'>canonico</span> 
     </span>
     <span class='ocr_line' id='line_1_14' title="bbox 220 1391 1631 1537; baseline 0.001 -24"><span class='ocrx_word' id='word_1_135' title='bbox 220 1452 511 1531; x_wconf 78' lang='lat' dir='ltr'>Verlsaufsbdnken3</span> <span class='ocrx_word' id='word_1_136' title='bbox 539 1391 690 1516; x_wconf 74' lang='lat' dir='ltr'>varlrietet</span> <span class='ocrx_word' id='word_1_137' title='bbox 717 1456 839 1517; x_wconf 88' lang='lat' dir='ltr'>andlich</span> <span class='ocrx_word' id='word_1_138' title='bbox 862 1457 911 1518; x_wconf 90' lang='lat' dir='ltr'>die</span> <span class='ocrx_word' id='word_1_139' title='bbox 933 1457 1008 1518; x_wconf 91' lang='lat' dir='ltr'>Ver·</span> <span class='ocrx_word' id='word_1_140' title='bbox 1052 1476 1125 1537; x_wconf 91' lang='lat' dir='ltr'>pum</span> <span class='ocrx_word' id='word_1_141' title='bbox 1152 1457 1284 1517; x_wconf 85' lang='lat' dir='ltr'>civitatis</span> <span class='ocrx_word' id='word_1_142' title='bbox 1307 1455 1423 1517; x_wconf 81' lang='lat' dir='ltr'>Seriam</span> <span class='ocrx_word' id='word_1_143' title='bbox 1452 1454 1565 1534; x_wconf 89' lang='lat' dir='ltr'>influit,</span> <span class='ocrx_word' id='word_1_144' title='bbox 1598 1460 1631 1516; x_wconf 90' lang='lat' dir='ltr'>et</span> 
     </span>
     <span class='ocr_line' id='line_1_15' title="bbox 220 1536 1631 1621; baseline 0.002 -24"><span class='ocrx_word' id='word_1_145' title='bbox 220 1545 367 1599; x_wconf 80' lang='lat' dir='ltr'>dusserun</span> <span class='ocrx_word' id='word_1_146' title='bbox 413 1555 474 1598; x_wconf 90' lang='lat' dir='ltr'>von</span> <span class='ocrx_word' id='word_1_147' title='bbox 492 1536 617 1598; x_wconf 79' lang='lat' dir='ltr'>Plttzan</span> <span class='ocrx_word' id='word_1_148' title='bbox 640 1536 715 1599; x_wconf 89' lang='lat' dir='ltr'>oder</span> <span class='ocrx_word' id='word_1_149' title='bbox 735 1538 836 1601; x_wconf 81' lang='lat' dir='ltr'>llrben</span> <span class='ocrx_word' id='word_1_150' title='bbox 859 1559 898 1601; x_wconf 90' lang='lat' dir='ltr'>an</span> <span class='ocrx_word' id='word_1_151' title='bbox 920 1541 1010 1621; x_wconf 84' lang='lat' dir='ltr'>geist</span> <span class='ocrx_word' id='word_1_152' title='bbox 1052 1540 1156 1600; x_wconf 90' lang='lat' dir='ltr'>vulum</span> <span class='ocrx_word' id='word_1_153' title='bbox 1178 1537 1374 1601; x_wconf 89' lang='lat' dir='ltr'>ascendendo</span> <span class='ocrx_word' id='word_1_154' title='bbox 1396 1558 1493 1618; x_wconf 89' lang='lat' dir='ltr'>usque</span> <span class='ocrx_word' id='word_1_155' title='bbox 1515 1537 1631 1620; x_wconf 83' lang='lat' dir='ltr'>adgrar</span> 
     </span>
     <span class='ocr_line' id='line_1_16' title="bbox 222 1556 1631 1703; baseline 0.003 -24"><span class='ocrx_word' id='word_1_156' title='bbox 222 1618 302 1680; x_wconf 89' lang='lat' dir='ltr'>licha</span> <span class='ocrx_word' id='word_1_157' title='bbox 322 1556 439 1698; x_wconf 75' lang='lat' dir='ltr'>Orden,</span> <span class='ocrx_word' id='word_1_158' title='bbox 469 1626 547 1680; x_wconf 82' lang='lat' dir='ltr'>aetat</span> <span class='ocrx_word' id='word_1_159' title='bbox 575 1619 624 1681; x_wconf 92' lang='lat' dir='ltr'>die</span> <span class='ocrx_word' id='word_1_160' title='bbox 647 1621 797 1703; x_wconf 86' lang='lat' dir='ltr'>Dotirung</span> <span class='ocrx_word' id='word_1_161' title='bbox 819 1621 873 1683; x_wconf 90' lang='lat' dir='ltr'>der</span> <span class='ocrx_word' id='word_1_162' title='bbox 894 1623 1010 1683; x_wconf 84' lang='lat' dir='ltr'>Katha-</span> <span class='ocrx_word' id='word_1_163' title='bbox 1053 1622 1158 1682; x_wconf 87' lang='lat' dir='ltr'>villam</span> <span class='ocrx_word' id='word_1_164' title='bbox 1180 1622 1272 1682; x_wconf 88' lang='lat' dir='ltr'>valon</span> <span class='ocrx_word' id='word_1_165' title='bbox 1294 1623 1446 1695; x_wconf 83' lang='lat' dir='ltr'>situatam,</span> <span class='ocrx_word' id='word_1_166' title='bbox 1468 1620 1541 1682; x_wconf 89' lang='lat' dir='ltr'>inde</span> <span class='ocrx_word' id='word_1_167' title='bbox 1556 1628 1631 1701; x_wconf 85' lang='lat' dir='ltr'>post</span> 
     </span>
     <span class='ocr_line' id='line_1_17' title="bbox 221 1701 1630 1784; baseline 0.001 -21"><span class='ocrx_word' id='word_1_168' title='bbox 221 1701 413 1764; x_wconf 79' lang='lat' dir='ltr'>rinenlrirche</span> <span class='ocrx_word' id='word_1_169' title='bbox 436 1703 510 1782; x_wconf 85' lang='lat' dir='ltr'>fast,</span> <span class='ocrx_word' id='word_1_170' title='bbox 539 1702 600 1763; x_wconf 92' lang='lat' dir='ltr'>und</span> <span class='ocrx_word' id='word_1_171' title='bbox 629 1704 743 1766; x_wconf 89' lang='lat' dir='ltr'>sichert</span> <span class='ocrx_word' id='word_1_172' title='bbox 769 1725 836 1765; x_wconf 85' lang='lat' dir='ltr'>zum</span> <span class='ocrx_word' id='word_1_173' title='bbox 866 1705 1010 1768; x_wconf 79' lang='lat' dir='ltr'>Schlussc</span> <span class='ocrx_word' id='word_1_174' title='bbox 1054 1704 1093 1765; x_wconf 91' lang='lat' dir='ltr'>ad</span> <span class='ocrx_word' id='word_1_175' title='bbox 1115 1705 1196 1765; x_wconf 90' lang='lat' dir='ltr'>hunc</span> <span class='ocrx_word' id='word_1_176' title='bbox 1217 1705 1333 1783; x_wconf 90' lang='lat' dir='ltr'>locum,</span> <span class='ocrx_word' id='word_1_177' title='bbox 1363 1704 1413 1767; x_wconf 93' lang='lat' dir='ltr'>ubi</span> <span class='ocrx_word' id='word_1_178' title='bbox 1435 1703 1526 1766; x_wconf 88' lang='lat' dir='ltr'>Rnffa</span> <span class='ocrx_word' id='word_1_179' title='bbox 1547 1723 1630 1784; x_wconf 86' lang='lat' dir='ltr'>aqua</span> 
     </span>
     <span class='ocr_line' id='line_1_18' title="bbox 222 1784 1631 1870; baseline 0.003 -24"><span class='ocrx_word' id='word_1_180' title='bbox 222 1785 277 1847; x_wconf 88' lang='lat' dir='ltr'>der</span> <span class='ocrx_word' id='word_1_181' title='bbox 297 1785 386 1848; x_wconf 79' lang='lat' dir='ltr'>Stadt</span> <span class='ocrx_word' id='word_1_182' title='bbox 406 1784 501 1847; x_wconf 89' lang='lat' dir='ltr'>selbst</span> <span class='ocrx_word' id='word_1_183' title='bbox 523 1786 578 1847; x_wconf 85' lang='lat' dir='ltr'>auf</span> <span class='ocrx_word' id='word_1_184' title='bbox 595 1785 655 1847; x_wconf 91' lang='lat' dir='ltr'>den</span> <span class='ocrx_word' id='word_1_185' title='bbox 678 1787 744 1848; x_wconf 84' lang='lat' dir='ltr'>Fall</span> <span class='ocrx_word' id='word_1_186' title='bbox 764 1788 845 1849; x_wconf 87' lang='lat' dir='ltr'>ihrer</span> <span class='ocrx_word' id='word_1_187' title='bbox 866 1795 1008 1870; x_wconf 77' lang='lat' dir='ltr'>spateren</span> <span class='ocrx_word' id='word_1_188' title='bbox 1055 1787 1093 1848; x_wconf 93' lang='lat' dir='ltr'>de</span> <span class='ocrx_word' id='word_1_189' title='bbox 1115 1786 1244 1869; x_wconf 91' lang='lat' dir='ltr'>palude,</span> <span class='ocrx_word' id='word_1_190' title='bbox 1267 1796 1299 1849; x_wconf 88' lang='lat' dir='ltr'>et</span> <span class='ocrx_word' id='word_1_191' title='bbox 1312 1787 1437 1849; x_wconf 88' lang='lat' dir='ltr'>ulterius</span> <span class='ocrx_word' id='word_1_192' title='bbox 1460 1787 1631 1870; x_wconf 79' lang='lat' dir='ltr'>adgranice</span> 
     </span>
     <span class='ocr_line' id='line_1_19' title="bbox 221 1868 1631 1951; baseline 0.001 -22"><span class='ocrx_word' id='word_1_193' title='bbox 221 1869 449 1950; x_wconf 87' lang='lat' dir='ltr'>Verlegungan</span> <span class='ocrx_word' id='word_1_194' title='bbox 466 1869 535 1929; x_wconf 91' lang='lat' dir='ltr'>eine</span> <span class='ocrx_word' id='word_1_195' title='bbox 552 1868 666 1931; x_wconf 90' lang='lat' dir='ltr'>andere</span> <span class='ocrx_word' id='word_1_196' title='bbox 677 1869 772 1931; x_wconf 84' lang='lat' dir='ltr'>Stella</span> <span class='ocrx_word' id='word_1_197' title='bbox 791 1870 841 1932; x_wconf 90' lang='lat' dir='ltr'>die</span> <span class='ocrx_word' id='word_1_198' title='bbox 854 1871 1011 1933; x_wconf 82' lang='lat' dir='ltr'>Anheoht</span> <span class='ocrx_word' id='word_1_199' title='bbox 1054 1890 1109 1951; x_wconf 89' lang='lat' dir='ltr'>per</span> <span class='ocrx_word' id='word_1_200' title='bbox 1129 1871 1258 1931; x_wconf 88' lang='lat' dir='ltr'>rivulum</span> <span class='ocrx_word' id='word_1_201' title='bbox 1280 1890 1378 1951; x_wconf 92' lang='lat' dir='ltr'>prope</span> <span class='ocrx_word' id='word_1_202' title='bbox 1400 1870 1605 1951; x_wconf 83' lang='lat' dir='ltr'>Sunnenbcrg</span> <span class='ocrx_word' id='word_1_203' title='bbox 1625 1890 1631 1931; x_wconf 74' lang='grc' dir='ltr'>ι</span> 
     </span>
     <span class='ocr_line' id='line_1_20' title="bbox 222 1951 1606 2035; baseline 0.001 -22"><span class='ocrx_word' id='word_1_204' title='bbox 222 1951 326 2013; x_wconf 85' lang='lat' dir='ltr'>haltnn</span> <span class='ocrx_word' id='word_1_205' title='bbox 373 1951 448 2013; x_wconf 90' lang='lat' dir='ltr'>aller</span> <span class='ocrx_word' id='word_1_206' title='bbox 476 1951 702 2014; x_wconf 90' lang='lat' dir='ltr'>vorstehenden</span> <span class='ocrx_word' id='word_1_207' title='bbox 724 1952 944 2016; x_wconf 82' lang='lat' dir='ltr'>Gereohtsame</span> <span class='ocrx_word' id='word_1_208' title='bbox 965 1975 1011 2016; x_wconf 85' lang='lat' dir='ltr'>nn.</span> <span class='ocrx_word' id='word_1_209' title='bbox 1055 1955 1106 2033; x_wconf 91' lang='lat' dir='ltr'>qui</span> <span class='ocrx_word' id='word_1_210' title='bbox 1138 1952 1221 2014; x_wconf 89' lang='lat' dir='ltr'>bona</span> <span class='ocrx_word' id='word_1_211' title='bbox 1249 1953 1365 2014; x_wconf 92' lang='lat' dir='ltr'>domini</span> <span class='ocrx_word' id='word_1_212' title='bbox 1391 1954 1540 2035; x_wconf 76' lang='lat' dir='ltr'>prepositi</span> <span class='ocrx_word' id='word_1_213' title='bbox 1574 1962 1606 2015; x_wconf 87' lang='lat' dir='ltr'>ct</span> 
     </span>
     <span class='ocr_line' id='line_1_21' title="bbox 303 1971 1631 2117; baseline 0.001 -21"><span class='ocrx_word' id='word_1_214' title='bbox 303 1971 408 2113; x_wconf 63' lang='lat' dir='ltr'>„lgstud</span> <span class='ocrx_word' id='word_1_215' title='bbox 429 2042 478 2096; x_wconf 91' lang='lat' dir='ltr'>est</span> <span class='ocrx_word' id='word_1_216' title='bbox 490 2035 683 2116; x_wconf 88' lang='lat' dir='ltr'>privilegium</span> <span class='ocrx_word' id='word_1_217' title='bbox 700 2037 830 2097; x_wconf 87' lang='lat' dir='ltr'>civitatis</span> <span class='ocrx_word' id='word_1_218' title='bbox 853 2045 884 2098; x_wconf 93' lang='lat' dir='ltr'>et</span> <span class='ocrx_word' id='word_1_219' title='bbox 901 2039 1012 2099; x_wconf 85' lang='lat' dir='ltr'>civium</span> <span class='ocrx_word' id='word_1_220' title='bbox 1055 2037 1209 2097; x_wconf 87' lang='lat' dir='ltr'>civitatem</span> <span class='ocrx_word' id='word_1_221' title='bbox 1238 2037 1441 2117; x_wconf 86' lang='lat' dir='ltr'>pertinentem</span> <span class='ocrx_word' id='word_1_222' title='bbox 1477 2036 1586 2098; x_wconf 90' lang='lat' dir='ltr'>dividit</span> <span class='ocrx_word' id='word_1_223' title='bbox 1617 2036 1631 2097; x_wconf 56' lang='lat' dir='ltr'>i&lt;</span> 
     </span>
     <span class='ocr_line' id='line_1_22' title="bbox 223 2115 1631 2201; baseline 0.003 -24"><span class='ocrx_word' id='word_1_224' title='bbox 223 2118 254 2178; x_wconf 93' lang='lat' dir='ltr'>in</span> <span class='ocrx_word' id='word_1_225' title='bbox 281 2115 450 2199; x_wconf 83' lang='lat' dir='ltr'>bramberg</span> <span class='ocrx_word' id='word_1_226' title='bbox 480 2119 660 2198; x_wconf 86' lang='lat' dir='ltr'>rescriptum</span> <span class='ocrx_word' id='word_1_227' title='bbox 693 2118 732 2180; x_wconf 90' lang='lat' dir='ltr'>de</span> <span class='ocrx_word' id='word_1_228' title='bbox 759 2119 853 2182; x_wconf 88' lang='lat' dir='ltr'>verbo</span> <span class='ocrx_word' id='word_1_229' title='bbox 881 2120 921 2181; x_wconf 91' lang='lat' dir='ltr'>ad</span> <span class='ocrx_word' id='word_1_230' title='bbox 946 2139 1013 2183; x_wconf 75' lang='lat' dir='ltr'>rer·</span> <span class='ocrx_word' id='word_1_231' title='bbox 1053 2119 1129 2180; x_wconf 89' lang='lat' dir='ltr'>Item</span> <span class='ocrx_word' id='word_1_232' title='bbox 1152 2117 1265 2180; x_wconf 90' lang='lat' dir='ltr'>ibidem</span> <span class='ocrx_word' id='word_1_233' title='bbox 1287 2121 1318 2179; x_wconf 93' lang='lat' dir='ltr'>in</span> <span class='ocrx_word' id='word_1_234' title='bbox 1342 2119 1450 2181; x_wconf 88' lang='lat' dir='ltr'>eadem</span> <span class='ocrx_word' id='word_1_235' title='bbox 1471 2118 1631 2201; x_wconf 83' lang='lat' dir='ltr'>granicai</span> 
     </span>
     <span class='ocr_line' id='line_1_23' title="bbox 223 2198 1631 2279; baseline 0.001 -20"><span class='ocrx_word' id='word_1_236' title='bbox 223 2198 310 2261; x_wconf 90' lang='lat' dir='ltr'>bum:</span> <span class='ocrx_word' id='word_1_237' title='bbox 352 2200 387 2263; x_wconf 93' lang='lat' dir='ltr'>ln</span> <span class='ocrx_word' id='word_1_238' title='bbox 420 2201 545 2262; x_wconf 89' lang='lat' dir='ltr'>nomine</span> <span class='ocrx_word' id='word_1_239' title='bbox 573 2200 689 2263; x_wconf 93' lang='lat' dir='ltr'>domini</span> <span class='ocrx_word' id='word_1_240' title='bbox 716 2222 816 2266; x_wconf 90' lang='lat' dir='ltr'>amen.</span> <span class='ocrx_word' id='word_1_241' title='bbox 860 2202 1012 2279; x_wconf 80' lang='lat' dir='ltr'>Quoniam</span> <span class='ocrx_word' id='word_1_242' title='bbox 1055 2221 1122 2262; x_wconf 87' lang='lat' dir='ltr'>curn</span> <span class='ocrx_word' id='word_1_243' title='bbox 1156 2201 1265 2263; x_wconf 93' lang='lat' dir='ltr'>eodem</span> <span class='ocrx_word' id='word_1_244' title='bbox 1296 2203 1395 2265; x_wconf 89' lang='lat' dir='ltr'>rivnlo</span> <span class='ocrx_word' id='word_1_245' title='bbox 1425 2200 1631 2265; x_wconf 72' lang='lat' dir='ltr'>descendendi</span> 
     </span>
     <span class='ocr_line' id='line_1_24' title="bbox 222 2283 1631 2366; baseline 0.002 -23"><span class='ocrx_word' id='word_1_246' title='bbox 222 2283 355 2344; x_wconf 84' lang='lat' dir='ltr'>humane</span> <span class='ocrx_word' id='word_1_247' title='bbox 368 2283 559 2346; x_wconf 88' lang='lat' dir='ltr'>condicionis</span> <span class='ocrx_word' id='word_1_248' title='bbox 576 2287 720 2365; x_wconf 89' lang='lat' dir='ltr'>operacio</span> <span class='ocrx_word' id='word_1_249' title='bbox 742 2305 798 2366; x_wconf 92' lang='lat' dir='ltr'>per</span> <span class='ocrx_word' id='word_1_250' title='bbox 810 2285 1012 2349; x_wconf 76' lang='lat' dir='ltr'>mobilitatem</span> <span class='ocrx_word' id='word_1_251' title='bbox 1054 2284 1125 2345; x_wconf 90' lang='lat' dir='ltr'>dum</span> <span class='ocrx_word' id='word_1_252' title='bbox 1147 2292 1195 2346; x_wconf 90' lang='lat' dir='ltr'>eat</span> <span class='ocrx_word' id='word_1_253' title='bbox 1215 2284 1254 2346; x_wconf 92' lang='lat' dir='ltr'>ad</span> <span class='ocrx_word' id='word_1_254' title='bbox 1266 2285 1357 2364; x_wconf 89' lang='lat' dir='ltr'>viam,</span> <span class='ocrx_word' id='word_1_255' title='bbox 1381 2305 1440 2366; x_wconf 91' lang='lat' dir='ltr'>que</span> <span class='ocrx_word' id='word_1_256' title='bbox 1461 2286 1570 2347; x_wconf 83' lang='lat' dir='ltr'>transit</span> <span class='ocrx_word' id='word_1_257' title='bbox 1583 2284 1631 2347; x_wconf 83' lang='lat' dir='ltr'>fos</span> 
     </span>
     <span class='ocr_line' id='line_1_25' title="bbox 223 2367 1631 2448; baseline 0.003 -22"><span class='ocrx_word' id='word_1_258' title='bbox 223 2367 371 2447; x_wconf 89' lang='lat' dir='ltr'>temporis</span> <span class='ocrx_word' id='word_1_259' title='bbox 392 2368 494 2448; x_wconf 84' lang='lat' dir='ltr'>sepius</span> <span class='ocrx_word' id='word_1_260' title='bbox 514 2368 634 2447; x_wconf 87' lang='lat' dir='ltr'>transijt</span> <span class='ocrx_word' id='word_1_261' title='bbox 654 2375 846 2445; x_wconf 88' lang='lat' dir='ltr'>etmutatur,</span> <span class='ocrx_word' id='word_1_262' title='bbox 867 2368 938 2433; x_wconf 90' lang='lat' dir='ltr'>ideo</span> <span class='ocrx_word' id='word_1_263' title='bbox 961 2388 1012 2430; x_wconf 90' lang='lat' dir='ltr'>ne·</span> <span class='ocrx_word' id='word_1_264' title='bbox 1054 2368 1184 2429; x_wconf 90' lang='lat' dir='ltr'>lantwer</span> <span class='ocrx_word' id='word_1_265' title='bbox 1213 2367 1368 2448; x_wconf 87' lang='lat' dir='ltr'>wlgariter</span> <span class='ocrx_word' id='word_1_266' title='bbox 1397 2369 1580 2439; x_wconf 85' lang='lat' dir='ltr'>nominatur.</span> <span class='ocrx_word' id='word_1_267' title='bbox 1628 2368 1631 2430; x_wconf 74' lang='lat' dir='ltr'>j</span> 
     </span>
     <span class='ocr_line' id='line_1_26' title="bbox 224 2449 1631 2532; baseline 0.001 -22"><span class='ocrx_word' id='word_1_268' title='bbox 224 2449 389 2510; x_wconf 88' lang='lat' dir='ltr'>cessarium</span> <span class='ocrx_word' id='word_1_269' title='bbox 411 2457 459 2511; x_wconf 91' lang='lat' dir='ltr'>ast</span> <span class='ocrx_word' id='word_1_270' title='bbox 479 2457 511 2510; x_wconf 91' lang='lat' dir='ltr'>et</span> <span class='ocrx_word' id='word_1_271' title='bbox 531 2450 674 2531; x_wconf 86' lang='lat' dir='ltr'>perutile,</span> <span class='ocrx_word' id='word_1_272' title='bbox 708 2458 741 2512; x_wconf 91' lang='lat' dir='ltr'>ut</span> <span class='ocrx_word' id='word_1_273' title='bbox 768 2471 910 2512; x_wconf 90' lang='lat' dir='ltr'>mansura</span> <span class='ocrx_word' id='word_1_274' title='bbox 930 2451 1012 2513; x_wconf 86' lang='lat' dir='ltr'>facta</span> <span class='ocrx_word' id='word_1_275' title='bbox 1053 2450 1092 2511; x_wconf 94' lang='lat' dir='ltr'>ad</span> <span class='ocrx_word' id='word_1_276' title='bbox 1114 2450 1257 2530; x_wconf 87' lang='lat' dir='ltr'>paludem</span> <span class='ocrx_word' id='word_1_277' title='bbox 1273 2459 1482 2515; x_wconf 83' lang='lat' dir='ltr'>memoratam.</span> <span class='ocrx_word' id='word_1_278' title='bbox 1523 2451 1571 2512; x_wconf 89' lang='lat' dir='ltr'>De</span> <span class='ocrx_word' id='word_1_279' title='bbox 1593 2468 1631 2532; x_wconf 90' lang='lat' dir='ltr'>qu</span> 
     </span>
     <span class='ocr_line' id='line_1_27' title="bbox 224 2532 1631 2615; baseline 0.004 -23"><span class='ocrx_word' id='word_1_280' title='bbox 224 2532 381 2593; x_wconf 90' lang='lat' dir='ltr'>hominurn</span> <span class='ocrx_word' id='word_1_281' title='bbox 396 2534 511 2613; x_wconf 89' lang='lat' dir='ltr'>scripto</span> <span class='ocrx_word' id='word_1_282' title='bbox 534 2540 565 2594; x_wconf 89' lang='lat' dir='ltr'>et</span> <span class='ocrx_word' id='word_1_283' title='bbox 585 2552 664 2594; x_wconf 88' lang='lat' dir='ltr'>voce</span> <span class='ocrx_word' id='word_1_284' title='bbox 676 2537 797 2595; x_wconf 86' lang='lat' dir='ltr'>testium</span> <span class='ocrx_word' id='word_1_285' title='bbox 819 2535 1010 2599; x_wconf 86' lang='lat' dir='ltr'>roborentur.</span> <span class='ocrx_word' id='word_1_286' title='bbox 1054 2534 1211 2614; x_wconf 83' lang='lat' dir='ltr'>granicam</span> <span class='ocrx_word' id='word_1_287' title='bbox 1244 2535 1323 2594; x_wconf 90' lang='lat' dir='ltr'>inter</span> <span class='ocrx_word' id='word_1_288' title='bbox 1351 2553 1492 2615; x_wconf 90' lang='lat' dir='ltr'>campum</span> <span class='ocrx_word' id='word_1_289' title='bbox 1525 2534 1631 2597; x_wconf 87' lang='lat' dir='ltr'>civitat</span> 
     </span>
     <span class='ocr_line' id='line_1_28' title="bbox 223 2614 1608 2698; baseline 0.004 -22"><span class='ocrx_word' id='word_1_290' title='bbox 223 2614 289 2677; x_wconf 85' lang='lat' dir='ltr'>Nos</span> <span class='ocrx_word' id='word_1_291' title='bbox 317 2615 408 2697; x_wconf 88' lang='lat' dir='ltr'>igitur</span> <span class='ocrx_word' id='word_1_292' title='bbox 427 2615 593 2697; x_wconf 86' lang='lat' dir='ltr'>Henrious,</span> <span class='ocrx_word' id='word_1_293' title='bbox 623 2615 671 2679; x_wconf 91' lang='lat' dir='ltr'>dei</span> <span class='ocrx_word' id='word_1_294' title='bbox 699 2618 802 2698; x_wconf 87' lang='lat' dir='ltr'>gracia</span> <span class='ocrx_word' id='word_1_295' title='bbox 824 2618 1013 2679; x_wconf 90' lang='lat' dir='ltr'>warmiensis</span> <span class='ocrx_word' id='word_1_296' title='bbox 1055 2634 1198 2697; x_wconf 91' lang='lat' dir='ltr'>magnam</span> <span class='ocrx_word' id='word_1_297' title='bbox 1211 2615 1351 2696; x_wconf 84' lang='lat' dir='ltr'>Cleynou</span> <span class='ocrx_word' id='word_1_298' title='bbox 1373 2624 1608 2697; x_wconf 78' lang='lat' dir='ltr'>comportatum.</span> 
     </span>
     <span class='ocr_line' id='line_1_29' title="bbox 224 2698 1613 2781; baseline 0.001 -22"><span class='ocrx_word' id='word_1_299' title='bbox 224 2698 403 2779; x_wconf 89' lang='lat' dir='ltr'>episcopus,</span> <span class='ocrx_word' id='word_1_300' title='bbox 438 2706 545 2760; x_wconf 92' lang='lat' dir='ltr'>notum</span> <span class='ocrx_word' id='word_1_301' title='bbox 572 2699 698 2760; x_wconf 81' lang='lat' dir='ltr'>iacimus</span> <span class='ocrx_word' id='word_1_302' title='bbox 727 2702 875 2761; x_wconf 89' lang='lat' dir='ltr'>universis</span> <span class='ocrx_word' id='word_1_303' title='bbox 903 2708 934 2761; x_wconf 91' lang='lat' dir='ltr'>et</span> <span class='ocrx_word' id='word_1_304' title='bbox 954 2703 1013 2761; x_wconf 90' lang='lat' dir='ltr'>sin·</span> <span class='ocrx_word' id='word_1_305' title='bbox 1054 2698 1094 2759; x_wconf 91' lang='lat' dir='ltr'>ad</span> <span class='ocrx_word' id='word_1_306' title='bbox 1115 2699 1270 2780; x_wconf 80' lang='lat' dir='ltr'>granicam</span> <span class='ocrx_word' id='word_1_307' title='bbox 1301 2719 1392 2781; x_wconf 87' lang='lat' dir='ltr'>anper</span> <span class='ocrx_word' id='word_1_308' title='bbox 1414 2701 1509 2781; x_wconf 92' lang='lat' dir='ltr'>ripam</span> <span class='ocrx_word' id='word_1_309' title='bbox 1533 2701 1613 2761; x_wconf 87' lang='lat' dir='ltr'>seria</span> 
     </span>
     <span class='ocr_line' id='line_1_30' title="bbox 224 2780 1631 2864; baseline 0.002 -23"><span class='ocrx_word' id='word_1_310' title='bbox 224 2781 303 2863; x_wconf 87' lang='lat' dir='ltr'>gulis</span> <span class='ocrx_word' id='word_1_311' title='bbox 325 2781 518 2862; x_wconf 85' lang='lat' dir='ltr'>presentibus</span> <span class='ocrx_word' id='word_1_312' title='bbox 547 2791 578 2843; x_wconf 85' lang='lat' dir='ltr'>at</span> <span class='ocrx_word' id='word_1_313' title='bbox 598 2782 719 2860; x_wconf 83' lang='lat' dir='ltr'>futuris,</span> <span class='ocrx_word' id='word_1_314' title='bbox 747 2782 787 2844; x_wconf 85' lang='lat' dir='ltr'>ad</span> <span class='ocrx_word' id='word_1_315' title='bbox 809 2802 885 2863; x_wconf 90' lang='lat' dir='ltr'>quos</span> <span class='ocrx_word' id='word_1_316' title='bbox 907 2803 1012 2864; x_wconf 86' lang='lat' dir='ltr'>perve-</span> <span class='ocrx_word' id='word_1_317' title='bbox 1054 2780 1250 2843; x_wconf 86' lang='lat' dir='ltr'>tendendum.</span> <span class='ocrx_word' id='word_1_318' title='bbox 1293 2782 1333 2842; x_wconf 80' lang='lat' dir='ltr'>Et</span> <span class='ocrx_word' id='word_1_319' title='bbox 1361 2783 1420 2844; x_wconf 89' lang='lat' dir='ltr'>hec</span> <span class='ocrx_word' id='word_1_320' title='bbox 1445 2790 1492 2844; x_wconf 90' lang='lat' dir='ltr'>est</span> <span class='ocrx_word' id='word_1_321' title='bbox 1513 2780 1631 2845; x_wconf 67' lang='lat' dir='ltr'>distinct</span> 
     </span>
     <span class='ocr_line' id='line_1_31' title="bbox 224 2864 1631 2947; baseline 0.001 -22"><span class='ocrx_word' id='word_1_322' title='bbox 224 2865 303 2926; x_wconf 88' lang='lat' dir='ltr'>uerit</span> <span class='ocrx_word' id='word_1_323' title='bbox 321 2884 449 2944; x_wconf 90' lang='lat' dir='ltr'>presens</span> <span class='ocrx_word' id='word_1_324' title='bbox 475 2866 635 2945; x_wconf 89' lang='lat' dir='ltr'>scripturn:</span> <span class='ocrx_word' id='word_1_325' title='bbox 679 2864 768 2941; x_wconf 80' lang='lat' dir='ltr'>Quod</span> <span class='ocrx_word' id='word_1_326' title='bbox 791 2885 849 2928; x_wconf 93' lang='lat' dir='ltr'>nos</span> <span class='ocrx_word' id='word_1_327' title='bbox 869 2867 1013 2928; x_wconf 81' lang='lat' dir='ltr'>reforma</span> <span class='ocrx_word' id='word_1_328' title='bbox 1054 2864 1105 2925; x_wconf 90' lang='lat' dir='ltr'>vel</span> <span class='ocrx_word' id='word_1_329' title='bbox 1125 2865 1317 2944; x_wconf 84' lang='lat' dir='ltr'>granicamm</span> <span class='ocrx_word' id='word_1_330' title='bbox 1339 2864 1393 2926; x_wconf 88' lang='lat' dir='ltr'>illa</span> <span class='ocrx_word' id='word_1_331' title='bbox 1412 2867 1444 2926; x_wconf 91' lang='lat' dir='ltr'>in</span> <span class='ocrx_word' id='word_1_332' title='bbox 1464 2872 1569 2947; x_wconf 94' lang='lat' dir='ltr'>parte,</span> <span class='ocrx_word' id='word_1_333' title='bbox 1595 2864 1631 2928; x_wconf 92' lang='lat' dir='ltr'>uh</span> 
     </span>
     <span class='ocr_line' id='line_1_32' title="bbox 224 2947 1631 3030; baseline 0.001 -22"><span class='ocrx_word' id='word_1_334' title='bbox 224 2947 306 3008; x_wconf 92' lang='lat' dir='ltr'>cioni</span> <span class='ocrx_word' id='word_1_335' title='bbox 326 2955 406 3009; x_wconf 85' lang='lat' dir='ltr'>terre</span> <span class='ocrx_word' id='word_1_336' title='bbox 428 2954 533 3009; x_wconf 89' lang='lat' dir='ltr'>nostre</span> <span class='ocrx_word' id='word_1_337' title='bbox 563 2967 619 3028; x_wconf 91' lang='lat' dir='ltr'>par</span> <span class='ocrx_word' id='word_1_338' title='bbox 639 2950 825 3029; x_wconf 69' lang='lat' dir='ltr'>apostasiam</span> <span class='ocrx_word' id='word_1_339' title='bbox 848 2949 1011 3030; x_wconf 86' lang='lat' dir='ltr'>prutheno·</span> <span class='ocrx_word' id='word_1_340' title='bbox 1054 2948 1166 3010; x_wconf 88' lang='lat' dir='ltr'>locata.</span> <span class='ocrx_word' id='word_1_341' title='bbox 1209 2947 1284 3008; x_wconf 90' lang='lat' dir='ltr'>Item</span> <span class='ocrx_word' id='word_1_342' title='bbox 1307 2956 1418 3029; x_wconf 86' lang='lat' dir='ltr'>postea</span> <span class='ocrx_word' id='word_1_343' title='bbox 1437 2949 1469 3009; x_wconf 93' lang='lat' dir='ltr'>in</span> <span class='ocrx_word' id='word_1_344' title='bbox 1489 2948 1543 3010; x_wconf 92' lang='lat' dir='ltr'>illa</span> <span class='ocrx_word' id='word_1_345' title='bbox 1564 2956 1631 3030; x_wconf 81' lang='lat' dir='ltr'>part</span> 
     </span>
     <span class='ocr_line' id='line_1_33' title="bbox 223 3029 1629 3113; baseline 0.002 -23"><span class='ocrx_word' id='word_1_346' title='bbox 223 3051 288 3091; x_wconf 91' lang='lat' dir='ltr'>rum</span> <span class='ocrx_word' id='word_1_347' title='bbox 311 3031 421 3093; x_wconf 84' lang='lat' dir='ltr'>acriter</span> <span class='ocrx_word' id='word_1_348' title='bbox 440 3030 502 3093; x_wconf 89' lang='lat' dir='ltr'>heu</span> <span class='ocrx_word' id='word_1_349' title='bbox 516 3031 670 3093; x_wconf 89' lang='lat' dir='ltr'>destructe</span> <span class='ocrx_word' id='word_1_350' title='bbox 683 3040 829 3111; x_wconf 91' lang='lat' dir='ltr'>quantum</span> <span class='ocrx_word' id='word_1_351' title='bbox 847 3051 1011 3113; x_wconf 87' lang='lat' dir='ltr'>possumus</span> <span class='ocrx_word' id='word_1_352' title='bbox 1054 3029 1167 3112; x_wconf 90' lang='lat' dir='ltr'>piendo</span> <span class='ocrx_word' id='word_1_353' title='bbox 1189 3031 1221 3090; x_wconf 94' lang='lat' dir='ltr'>in</span> <span class='ocrx_word' id='word_1_354' title='bbox 1242 3032 1378 3111; x_wconf 85' lang='lat' dir='ltr'>granica,</span> <span class='ocrx_word' id='word_1_355' title='bbox 1400 3052 1460 3112; x_wconf 90' lang='lat' dir='ltr'>que</span> <span class='ocrx_word' id='word_1_356' title='bbox 1482 3038 1530 3093; x_wconf 89' lang='lat' dir='ltr'>est</span> <span class='ocrx_word' id='word_1_357' title='bbox 1546 3032 1629 3093; x_wconf 82' lang='lat' dir='ltr'>circa</span> 
     </span>
     <span class='ocr_line' id='line_1_34' title="bbox 222 3113 1631 3196; baseline 0.001 -22"><span class='ocrx_word' id='word_1_358' title='bbox 222 3113 427 3191; x_wconf 86' lang='lat' dir='ltr'>intendentes,</span> <span class='ocrx_word' id='word_1_359' title='bbox 449 3113 568 3175; x_wconf 86' lang='lat' dir='ltr'>dilectis</span> <span class='ocrx_word' id='word_1_360' title='bbox 590 3115 705 3176; x_wconf 87' lang='lat' dir='ltr'>civibus</span> <span class='ocrx_word' id='word_1_361' title='bbox 721 3117 833 3178; x_wconf 90' lang='lat' dir='ltr'>nostris</span> <span class='ocrx_word' id='word_1_362' title='bbox 854 3116 886 3177; x_wconf 88' lang='lat' dir='ltr'>in</span> <span class='ocrx_word' id='word_1_363' title='bbox 906 3115 1011 3177; x_wconf 77' lang='lat' dir='ltr'>bruna</span> <span class='ocrx_word' id='word_1_364' title='bbox 1052 3114 1160 3175; x_wconf 90' lang='lat' dir='ltr'>rubum</span> <span class='ocrx_word' id='word_1_365' title='bbox 1174 3114 1339 3194; x_wconf 91' lang='lat' dir='ltr'>spinarum,</span> <span class='ocrx_word' id='word_1_366' title='bbox 1361 3122 1392 3176; x_wconf 90' lang='lat' dir='ltr'>et</span> <span class='ocrx_word' id='word_1_367' title='bbox 1408 3114 1631 3196; x_wconf 86' lang='lat' dir='ltr'>procedendos</span> 
     </span>
     <span class='ocr_line' id='line_1_35' title="bbox 224 3195 1631 3279; baseline 0.003 -22"><span class='ocrx_word' id='word_1_368' title='bbox 224 3198 299 3279; x_wconf 89' lang='lat' dir='ltr'>berg</span> <span class='ocrx_word' id='word_1_369' title='bbox 319 3198 516 3278; x_wconf 89' lang='lat' dir='ltr'>ipsorumque</span> <span class='ocrx_word' id='word_1_370' title='bbox 538 3197 694 3278; x_wconf 84' lang='lat' dir='ltr'>legittimis</span> <span class='ocrx_word' id='word_1_371' title='bbox 708 3197 871 3260; x_wconf 83' lang='lat' dir='ltr'>heredibus</span> <span class='ocrx_word' id='word_1_372' title='bbox 894 3207 925 3259; x_wconf 92' lang='lat' dir='ltr'>at</span> <span class='ocrx_word' id='word_1_373' title='bbox 945 3217 1011 3260; x_wconf 77' lang='lat' dir='ltr'>suo</span> <span class='ocrx_word' id='word_1_374' title='bbox 1053 3195 1245 3276; x_wconf 88' lang='lat' dir='ltr'>protenditur</span> <span class='ocrx_word' id='word_1_375' title='bbox 1272 3216 1378 3260; x_wconf 90' lang='lat' dir='ltr'>versus</span> <span class='ocrx_word' id='word_1_376' title='bbox 1405 3198 1510 3260; x_wconf 86' lang='lat' dir='ltr'>villam</span> <span class='ocrx_word' id='word_1_377' title='bbox 1530 3198 1631 3261; x_wconf 84' lang='lat' dir='ltr'>Ruasir</span> 
     </span>
     <span class='ocr_line' id='line_1_36' title="bbox 223 3280 1631 3363; baseline 0.002 -21"><span class='ocrx_word' id='word_1_378' title='bbox 223 3281 407 3358; x_wconf 79' lang='lat' dir='ltr'>sessoribus,</span> <span class='ocrx_word' id='word_1_379' title='bbox 428 3281 525 3341; x_wconf 90' lang='lat' dir='ltr'>nostri</span> <span class='ocrx_word' id='word_1_380' title='bbox 539 3280 664 3360; x_wconf 87' lang='lat' dir='ltr'>capituli</span> <span class='ocrx_word' id='word_1_381' title='bbox 678 3280 717 3341; x_wconf 92' lang='lat' dir='ltr'>da</span> <span class='ocrx_word' id='word_1_382' title='bbox 735 3282 865 3343; x_wconf 89' lang='lat' dir='ltr'>consilio</span> <span class='ocrx_word' id='word_1_383' title='bbox 887 3290 920 3345; x_wconf 89' lang='lat' dir='ltr'>et</span> <span class='ocrx_word' id='word_1_384' title='bbox 940 3301 1010 3344; x_wconf 89' lang='lat' dir='ltr'>con·</span> <span class='ocrx_word' id='word_1_385' title='bbox 1053 3280 1101 3340; x_wconf 91' lang='lat' dir='ltr'>val</span> <span class='ocrx_word' id='word_1_386' title='bbox 1124 3280 1297 3361; x_wconf 87' lang='lat' dir='ltr'>granicam,</span> <span class='ocrx_word' id='word_1_387' title='bbox 1320 3300 1380 3361; x_wconf 92' lang='lat' dir='ltr'>qne</span> <span class='ocrx_word' id='word_1_388' title='bbox 1401 3289 1449 3344; x_wconf 91' lang='lat' dir='ltr'>est</span> <span class='ocrx_word' id='word_1_389' title='bbox 1468 3283 1548 3342; x_wconf 90' lang='lat' dir='ltr'>inter</span> <span class='ocrx_word' id='word_1_390' title='bbox 1564 3290 1631 3363; x_wconf 86' lang='lat' dir='ltr'>prat</span> 
     </span>
     <span class='ocr_line' id='line_1_37' title="bbox 222 3363 1631 3444; baseline 0.002 -20"><span class='ocrx_word' id='word_1_391' title='bbox 222 3383 329 3442; x_wconf 90' lang='lat' dir='ltr'>sensu,</span> <span class='ocrx_word' id='word_1_392' title='bbox 369 3365 495 3427; x_wconf 84' lang='lat' dir='ltr'>racione</span> <span class='ocrx_word' id='word_1_393' title='bbox 530 3369 561 3423; x_wconf 89' lang='lat' dir='ltr'>et</span> <span class='ocrx_word' id='word_1_394' title='bbox 586 3364 712 3427; x_wconf 90' lang='lat' dir='ltr'>nomine</span> <span class='ocrx_word' id='word_1_395' title='bbox 745 3365 874 3426; x_wconf 86' lang='lat' dir='ltr'>civitatis</span> <span class='ocrx_word' id='word_1_396' title='bbox 907 3365 1011 3427; x_wconf 91' lang='lat' dir='ltr'>bruns-</span> <span class='ocrx_word' id='word_1_397' title='bbox 1053 3383 1118 3423; x_wconf 90' lang='lat' dir='ltr'>rum</span> <span class='ocrx_word' id='word_1_398' title='bbox 1140 3363 1265 3423; x_wconf 83' lang='lat' dir='ltr'>fratrum</span> <span class='ocrx_word' id='word_1_399' title='bbox 1288 3371 1320 3425; x_wconf 86' lang='lat' dir='ltr'>at</span> <span class='ocrx_word' id='word_1_400' title='bbox 1340 3383 1481 3444; x_wconf 91' lang='lat' dir='ltr'>campum</span> <span class='ocrx_word' id='word_1_401' title='bbox 1504 3365 1631 3427; x_wconf 84' lang='lat' dir='ltr'>civitatis</span> 
     </span>
     <span class='ocr_line' id='line_1_38' title="bbox 222 3445 1631 3528; baseline 0.002 -22"><span class='ocrx_word' id='word_1_402' title='bbox 222 3446 302 3527; x_wconf 86' lang='lat' dir='ltr'>berg-</span> <span class='ocrx_word' id='word_1_403' title='bbox 325 3465 432 3508; x_wconf 89' lang='lat' dir='ltr'>omncs</span> <span class='ocrx_word' id='word_1_404' title='bbox 462 3465 602 3522; x_wconf 86' lang='lat' dir='ltr'>mansos,</span> <span class='ocrx_word' id='word_1_405' title='bbox 636 3447 687 3527; x_wconf 82' lang='lat' dir='ltr'>qui</span> <span class='ocrx_word' id='word_1_406' title='bbox 721 3455 792 3508; x_wconf 86' lang='lat' dir='ltr'>sunt</span> <span class='ocrx_word' id='word_1_407' title='bbox 822 3454 876 3509; x_wconf 91' lang='lat' dir='ltr'>aut</span> <span class='ocrx_word' id='word_1_408' title='bbox 906 3448 1012 3509; x_wconf 84' lang='lat' dir='ltr'>haberi</span> <span class='ocrx_word' id='word_1_409' title='bbox 1053 3451 1233 3506; x_wconf 86' lang='lat' dir='ltr'>memorate.</span> <span class='ocrx_word' id='word_1_410' title='bbox 1275 3445 1351 3507; x_wconf 88' lang='lat' dir='ltr'>inde</span> <span class='ocrx_word' id='word_1_411' title='bbox 1378 3454 1489 3528; x_wconf 90' lang='lat' dir='ltr'>postea</span> <span class='ocrx_word' id='word_1_412' title='bbox 1508 3447 1547 3508; x_wconf 91' lang='lat' dir='ltr'>ad</span> <span class='ocrx_word' id='word_1_413' title='bbox 1569 3466 1631 3509; x_wconf 86' lang='lat' dir='ltr'>can</span> 
     </span>
     <span class='ocr_line' id='line_1_39' title="bbox 221 3527 1631 3612; baseline 0.001 -21"><span class='ocrx_word' id='word_1_414' title='bbox 221 3535 365 3610; x_wconf 88' lang='lat' dir='ltr'>poterunt</span> <span class='ocrx_word' id='word_1_415' title='bbox 385 3531 465 3591; x_wconf 85' lang='lat' dir='ltr'>intra</span> <span class='ocrx_word' id='word_1_416' title='bbox 485 3535 517 3590; x_wconf 89' lang='lat' dir='ltr'>et</span> <span class='ocrx_word' id='word_1_417' title='bbox 542 3527 621 3591; x_wconf 83' lang='lat' dir='ltr'>inira</span> <span class='ocrx_word' id='word_1_418' title='bbox 649 3538 745 3591; x_wconf 88' lang='lat' dir='ltr'>metas</span> <span class='ocrx_word' id='word_1_419' title='bbox 774 3532 905 3593; x_wconf 87' lang='lat' dir='ltr'>civitatis</span> <span class='ocrx_word' id='word_1_420' title='bbox 933 3535 1011 3612; x_wconf 88' lang='lat' dir='ltr'>ejus-</span> <span class='ocrx_word' id='word_1_421' title='bbox 1053 3547 1145 3610; x_wconf 85' lang='lat' dir='ltr'>agros</span> <span class='ocrx_word' id='word_1_422' title='bbox 1167 3527 1207 3589; x_wconf 94' lang='lat' dir='ltr'>ad</span> <span class='ocrx_word' id='word_1_423' title='bbox 1233 3528 1380 3590; x_wconf 90' lang='lat' dir='ltr'>allodium</span> <span class='ocrx_word' id='word_1_424' title='bbox 1403 3537 1540 3592; x_wconf 91' lang='lat' dir='ltr'>nostrum</span> <span class='ocrx_word' id='word_1_425' title='bbox 1563 3538 1631 3612; x_wconf 87' lang='lat' dir='ltr'>pert</span> 
     </span>
     <span class='ocr_line' id='line_1_40' title="bbox 222 3610 1631 3694; baseline 0.001 -20"><span class='ocrx_word' id='word_1_426' title='bbox 222 3613 316 3688; x_wconf 90' lang='lat' dir='ltr'>dem,</span> <span class='ocrx_word' id='word_1_427' title='bbox 358 3632 417 3692; x_wconf 89' lang='lat' dir='ltr'>que</span> <span class='ocrx_word' id='word_1_428' title='bbox 454 3613 578 3694; x_wconf 80' lang='lat' dir='ltr'>granica</span> <span class='ocrx_word' id='word_1_429' title='bbox 617 3612 774 3694; x_wconf 86' lang='lat' dir='ltr'>wlgariter</span> <span class='ocrx_word' id='word_1_430' title='bbox 817 3616 1012 3677; x_wconf 90' lang='lat' dir='ltr'>nominantur</span> <span class='ocrx_word' id='word_1_431' title='bbox 1052 3610 1164 3675; x_wconf 87' lang='lat' dir='ltr'>ibidem</span> <span class='ocrx_word' id='word_1_432' title='bbox 1189 3611 1377 3692; x_wconf 79' lang='lat' dir='ltr'>defossam,</span> <span class='ocrx_word' id='word_1_433' title='bbox 1399 3612 1631 3694; x_wconf 90' lang='lat' dir='ltr'>quodibiprot</span> 
     </span>
     <span class='ocr_line' id='line_1_41' title="bbox 221 3695 1629 3778; baseline 0 -21"><span class='ocrx_word' id='word_1_434' title='bbox 221 3703 313 3778; x_wconf 91' lang='lat' dir='ltr'>prout</span> <span class='ocrx_word' id='word_1_435' title='bbox 348 3697 431 3776; x_wconf 89' lang='lat' dir='ltr'>ipsas</span> <span class='ocrx_word' id='word_1_436' title='bbox 468 3696 592 3776; x_wconf 89' lang='lat' dir='ltr'>propria</span> <span class='ocrx_word' id='word_1_437' title='bbox 628 3697 658 3756; x_wconf 93' lang='lat' dir='ltr'>in</span> <span class='ocrx_word' id='word_1_438' title='bbox 698 3716 832 3776; x_wconf 89' lang='lat' dir='ltr'>persona</span> <span class='ocrx_word' id='word_1_439' title='bbox 875 3697 1011 3759; x_wconf 87' lang='lat' dir='ltr'>distinxi·</span> <span class='ocrx_word' id='word_1_440' title='bbox 1053 3695 1140 3756; x_wconf 86' lang='lat' dir='ltr'>innes</span> <span class='ocrx_word' id='word_1_441' title='bbox 1158 3705 1520 3757; x_wconf 90' lang='lat' dir='ltr'>mensuratorumversns</span> <span class='ocrx_word' id='word_1_442' title='bbox 1535 3696 1629 3777; x_wconf 84' lang='lat' dir='ltr'>palnd</span> 
     </span>
     <span class='ocr_line' id='line_1_42' title="bbox 222 3777 1614 3862; baseline 0.001 -22"><span class='ocrx_word' id='word_1_443' title='bbox 222 3799 289 3841; x_wconf 88' lang='lat' dir='ltr'>mua</span> <span class='ocrx_word' id='word_1_444' title='bbox 310 3786 342 3840; x_wconf 86' lang='lat' dir='ltr'>et</span> <span class='ocrx_word' id='word_1_445' title='bbox 370 3781 400 3840; x_wconf 92' lang='lat' dir='ltr'>in</span> <span class='ocrx_word' id='word_1_446' title='bbox 423 3785 528 3840; x_wconf 89' lang='lat' dir='ltr'>nostra</span> <span class='ocrx_word' id='word_1_447' title='bbox 555 3780 715 3858; x_wconf 86' lang='lat' dir='ltr'>presencia</span> <span class='ocrx_word' id='word_1_448' title='bbox 741 3779 869 3841; x_wconf 85' lang='lat' dir='ltr'>fecimus</span> <span class='ocrx_word' id='word_1_449' title='bbox 891 3782 1011 3862; x_wconf 89' lang='lat' dir='ltr'>consig·</span> <span class='ocrx_word' id='word_1_450' title='bbox 1054 3777 1162 3838; x_wconf 90' lang='lat' dir='ltr'>damus</span> <span class='ocrx_word' id='word_1_451' title='bbox 1184 3786 1215 3838; x_wconf 93' lang='lat' dir='ltr'>et</span> <span class='ocrx_word' id='word_1_452' title='bbox 1236 3779 1421 3841; x_wconf 84' lang='lat' dir='ltr'>conferimus</span> <span class='ocrx_word' id='word_1_453' title='bbox 1443 3780 1559 3840; x_wconf 86' lang='lat' dir='ltr'>civitati</span> <span class='ocrx_word' id='word_1_454' title='bbox 1581 3786 1614 3841; x_wconf 89' lang='lat' dir='ltr'>et</span> 
     </span>
     <span class='ocr_line' id='line_1_43' title="bbox 222 3859 1631 3946; baseline 0 -23"><span class='ocrx_word' id='word_1_455' title='bbox 222 3864 297 3940; x_wconf 82' lang='lat' dir='ltr'>nari,</span> <span class='ocrx_word' id='word_1_456' title='bbox 318 3869 350 3923; x_wconf 91' lang='lat' dir='ltr'>et</span> <span class='ocrx_word' id='word_1_457' title='bbox 369 3861 409 3923; x_wconf 91' lang='lat' dir='ltr'>ad</span> <span class='ocrx_word' id='word_1_458' title='bbox 430 3862 488 3922; x_wconf 88' lang='lat' dir='ltr'>hos</span> <span class='ocrx_word' id='word_1_459' title='bbox 510 3880 635 3923; x_wconf 89' lang='lat' dir='ltr'>mansos</span> <span class='ocrx_word' id='word_1_460' title='bbox 658 3868 755 3924; x_wconf 88' lang='lat' dir='ltr'>totam</span> <span class='ocrx_word' id='word_1_461' title='bbox 776 3864 930 3946; x_wconf 87' lang='lat' dir='ltr'>paludem,</span> <span class='ocrx_word' id='word_1_462' title='bbox 952 3884 1012 3944; x_wconf 87' lang='lat' dir='ltr'>que</span> <span class='ocrx_word' id='word_1_463' title='bbox 1053 3879 1104 3920; x_wconf 89' lang='lat' dir='ltr'>ros</span> <span class='ocrx_word' id='word_1_464' title='bbox 1133 3859 1349 3939; x_wconf 89' lang='lat' dir='ltr'>possidendos.</span> <span class='ocrx_word' id='word_1_465' title='bbox 1391 3862 1467 3922; x_wconf 91' lang='lat' dir='ltr'>ltem</span> <span class='ocrx_word' id='word_1_466' title='bbox 1498 3862 1631 3942; x_wconf 84' lang='lat' dir='ltr'>incipian</span> 
     </span>
     <span class='ocr_line' id='line_1_44' title="bbox 222 3943 1631 4027; baseline -0.001 -19"><span class='ocrx_word' id='word_1_467' title='bbox 222 3951 270 4008; x_wconf 86' lang='lat' dir='ltr'>est</span> <span class='ocrx_word' id='word_1_468' title='bbox 299 3955 331 4006; x_wconf 90' lang='lat' dir='ltr'>at</span> <span class='ocrx_word' id='word_1_469' title='bbox 351 3945 524 4007; x_wconf 87' lang='lat' dir='ltr'>continetur</span> <span class='ocrx_word' id='word_1_470' title='bbox 552 3945 632 4005; x_wconf 90' lang='lat' dir='ltr'>inter</span> <span class='ocrx_word' id='word_1_471' title='bbox 657 3964 799 4027; x_wconf 90' lang='lat' dir='ltr'>campum</span> <span class='ocrx_word' id='word_1_472' title='bbox 828 3948 958 4008; x_wconf 88' lang='lat' dir='ltr'>civitatis</span> <span class='ocrx_word' id='word_1_473' title='bbox 981 3953 1013 4009; x_wconf 89' lang='lat' dir='ltr'>et</span> <span class='ocrx_word' id='word_1_474' title='bbox 1054 3943 1104 4005; x_wconf 89' lang='lat' dir='ltr'>vel</span> <span class='ocrx_word' id='word_1_475' title='bbox 1126 3943 1269 4023; x_wconf 86' lang='lat' dir='ltr'>granica,</span> <span class='ocrx_word' id='word_1_476' title='bbox 1291 3963 1351 4024; x_wconf 88' lang='lat' dir='ltr'>que</span> <span class='ocrx_word' id='word_1_477' title='bbox 1373 3944 1483 4005; x_wconf 91' lang='lat' dir='ltr'>dividit</span> <span class='ocrx_word' id='word_1_478' title='bbox 1499 3964 1631 4027; x_wconf 88' lang='lat' dir='ltr'>campuu</span> 
     </span>
     <span class='ocr_line' id='line_1_45' title="bbox 222 4025 1629 4111; baseline 0 -22"><span class='ocrx_word' id='word_1_479' title='bbox 222 4029 330 4093; x_wconf 86' lang='lat' dir='ltr'>silvam</span> <span class='ocrx_word' id='word_1_480' title='bbox 341 4026 549 4090; x_wconf 88' lang='lat' dir='ltr'>Rosenwalde</span> <span class='ocrx_word' id='word_1_481' title='bbox 563 4027 719 4109; x_wconf 87' lang='lat' dir='ltr'>wlgariter</span> <span class='ocrx_word' id='word_1_482' title='bbox 730 4031 930 4107; x_wconf 90' lang='lat' dir='ltr'>nominatam,</span> <span class='ocrx_word' id='word_1_483' title='bbox 943 4049 1011 4093; x_wconf 90' lang='lat' dir='ltr'>cum</span> <span class='ocrx_word' id='word_1_484' title='bbox 1054 4045 1147 4107; x_wconf 90' lang='lat' dir='ltr'>agros</span> <span class='ocrx_word' id='word_1_485' title='bbox 1178 4025 1217 4086; x_wconf 88' lang='lat' dir='ltr'>ad</span> <span class='ocrx_word' id='word_1_486' title='bbox 1239 4039 1376 4088; x_wconf 88' lang='lat' dir='ltr'>nostrum</span> <span class='ocrx_word' id='word_1_487' title='bbox 1404 4026 1552 4089; x_wconf 90' lang='lat' dir='ltr'>allodium</span> <span class='ocrx_word' id='word_1_488' title='bbox 1573 4047 1629 4111; x_wconf 89' lang='lat' dir='ltr'>per</span> 
     </span>
     <span class='ocr_line' id='line_1_46' title="bbox 223 4110 1631 4192; baseline 0 -19"><span class='ocrx_word' id='word_1_489' title='bbox 223 4114 306 4173; x_wconf 91' lang='lat' dir='ltr'>omni</span> <span class='ocrx_word' id='word_1_490' title='bbox 327 4131 383 4173; x_wconf 89' lang='lat' dir='ltr'>usu</span> <span class='ocrx_word' id='word_1_491' title='bbox 412 4119 444 4173; x_wconf 89' lang='lat' dir='ltr'>et</span> <span class='ocrx_word' id='word_1_492' title='bbox 464 4111 596 4172; x_wconf 89' lang='lat' dir='ltr'>utilitate</span> <span class='ocrx_word' id='word_1_493' title='bbox 618 4119 750 4192; x_wconf 88' lang='lat' dir='ltr'>excepta</span> <span class='ocrx_word' id='word_1_494' title='bbox 771 4115 941 4175; x_wconf 85' lang='lat' dir='ltr'>venacione</span> <span class='ocrx_word' id='word_1_495' title='bbox 963 4133 1012 4175; x_wconf 76' lang='lat' dir='ltr'>ca</span> <span class='ocrx_word' id='word_1_496' title='bbox 1054 4110 1221 4190; x_wconf 88' lang='lat' dir='ltr'>granicam,</span> <span class='ocrx_word' id='word_1_497' title='bbox 1244 4112 1355 4189; x_wconf 87' lang='lat' dir='ltr'>quein</span> <span class='ocrx_word' id='word_1_498' title='bbox 1377 4111 1445 4190; x_wconf 91' lang='lat' dir='ltr'>ripa</span> <span class='ocrx_word' id='word_1_499' title='bbox 1458 4111 1539 4172; x_wconf 87' lang='lat' dir='ltr'>serie</span> <span class='ocrx_word' id='word_1_500' title='bbox 1561 4118 1631 4173; x_wconf 80' lang='lat' dir='ltr'>estu</span> 
     </span>
     <span class='ocr_line' id='line_1_47' title="bbox 222 4193 1631 4275; baseline -0.001 -18"><span class='ocrx_word' id='word_1_501' title='bbox 222 4196 313 4257; x_wconf 88' lang='lat' dir='ltr'>storis</span> <span class='ocrx_word' id='word_1_502' title='bbox 342 4202 374 4255; x_wconf 93' lang='lat' dir='ltr'>et</span> <span class='ocrx_word' id='word_1_503' title='bbox 398 4194 488 4255; x_wconf 90' lang='lat' dir='ltr'>lucris</span> <span class='ocrx_word' id='word_1_504' title='bbox 516 4202 610 4273; x_wconf 88' lang='lat' dir='ltr'>terra,</span> <span class='ocrx_word' id='word_1_505' title='bbox 641 4213 716 4256; x_wconf 90' lang='lat' dir='ltr'>auro</span> <span class='ocrx_word' id='word_1_506' title='bbox 745 4195 889 4257; x_wconf 88' lang='lat' dir='ltr'>videlicet</span> <span class='ocrx_word' id='word_1_507' title='bbox 916 4203 948 4258; x_wconf 91' lang='lat' dir='ltr'>et</span> <span class='ocrx_word' id='word_1_508' title='bbox 968 4216 1012 4258; x_wconf 90' lang='lat' dir='ltr'>ar-</span> <span class='ocrx_word' id='word_1_509' title='bbox 1055 4211 1161 4253; x_wconf 85' lang='lat' dir='ltr'>versus</span> <span class='ocrx_word' id='word_1_510' title='bbox 1180 4193 1345 4274; x_wconf 72' lang='lat' dir='ltr'>civitatem,</span> <span class='ocrx_word' id='word_1_511' title='bbox 1366 4200 1400 4254; x_wconf 91' lang='lat' dir='ltr'>ut</span> <span class='ocrx_word' id='word_1_512' title='bbox 1420 4195 1547 4275; x_wconf 86' lang='lat' dir='ltr'>granica</span> <span class='ocrx_word' id='word_1_513' title='bbox 1566 4193 1631 4275; x_wconf 75' lang='lat' dir='ltr'>ibip</span> 
     </span>
     <span class='ocr_line' id='line_1_48' title="bbox 221 4275 1606 4360; baseline -0.001 -20"><span class='ocrx_word' id='word_1_514' title='bbox 221 4284 331 4360; x_wconf 83' lang='lat' dir='ltr'>ganto,</span> <span class='ocrx_word' id='word_1_515' title='bbox 364 4279 429 4339; x_wconf 86' lang='lat' dir='ltr'>sale</span> <span class='ocrx_word' id='word_1_516' title='bbox 462 4284 494 4338; x_wconf 90' lang='lat' dir='ltr'>et</span> <span class='ocrx_word' id='word_1_517' title='bbox 524 4276 687 4357; x_wconf 86' lang='lat' dir='ltr'>cujuslibet</span> <span class='ocrx_word' id='word_1_518' title='bbox 720 4279 843 4358; x_wconf 88' lang='lat' dir='ltr'>generis</span> <span class='ocrx_word' id='word_1_519' title='bbox 878 4280 1013 4358; x_wconf 85' lang='lat' dir='ltr'>metallo,</span> <span class='ocrx_word' id='word_1_520' title='bbox 1055 4276 1149 4353; x_wconf 74' lang='lat' dir='ltr'>derit,</span> <span class='ocrx_word' id='word_1_521' title='bbox 1178 4281 1226 4336; x_wconf 89' lang='lat' dir='ltr'>est</span> <span class='ocrx_word' id='word_1_522' title='bbox 1245 4283 1357 4357; x_wconf 89' lang='lat' dir='ltr'>postea</span> <span class='ocrx_word' id='word_1_523' title='bbox 1380 4275 1606 4338; x_wconf 89' lang='lat' dir='ltr'>revertendum.</span> 
     </span>
     <span class='ocr_line' id='line_1_49' title="bbox 217 4359 1631 4443; baseline 0.001 -22"><span class='ocrx_word' id='word_1_524' title='bbox 217 4365 287 4442; x_wconf 90' lang='lat' dir='ltr'>jure</span> <span class='ocrx_word' id='word_1_525' title='bbox 308 4359 454 4439; x_wconf 72' lang='lat' dir='ltr'>belicensi,</span> <span class='ocrx_word' id='word_1_526' title='bbox 474 4360 536 4422; x_wconf 94' lang='lat' dir='ltr'>hoc</span> <span class='ocrx_word' id='word_1_527' title='bbox 557 4367 605 4421; x_wconf 87' lang='lat' dir='ltr'>sat</span> <span class='ocrx_word' id='word_1_528' title='bbox 626 4378 664 4421; x_wconf 91' lang='lat' dir='ltr'>eo</span> <span class='ocrx_word' id='word_1_529' title='bbox 681 4363 752 4440; x_wconf 88' lang='lat' dir='ltr'>jure</span> <span class='ocrx_word' id='word_1_530' title='bbox 765 4361 909 4424; x_wconf 83' lang='lat' dir='ltr'>videlicet</span> <span class='ocrx_word' id='word_1_531' title='bbox 929 4363 1013 4443; x_wconf 91' lang='lat' dir='ltr'>quod</span> <span class='ocrx_word' id='word_1_532' title='bbox 1055 4359 1215 4420; x_wconf 87' lang='lat' dir='ltr'>distinccio</span> <span class='ocrx_word' id='word_1_533' title='bbox 1245 4367 1393 4421; x_wconf 80' lang='lat' dir='ltr'>matarum</span> <span class='ocrx_word' id='word_1_534' title='bbox 1423 4379 1477 4421; x_wconf 91' lang='lat' dir='ltr'>seu</span> <span class='ocrx_word' id='word_1_535' title='bbox 1507 4360 1631 4441; x_wconf 88' lang='lat' dir='ltr'>granica</span> 
     </span>
     <span class='ocr_line' id='line_1_50' title="bbox 223 4441 1597 4526; baseline 0 -21"><span class='ocrx_word' id='word_1_536' title='bbox 223 4451 270 4505; x_wconf 91' lang='lat' dir='ltr'>est</span> <span class='ocrx_word' id='word_1_537' title='bbox 288 4446 317 4504; x_wconf 91' lang='lat' dir='ltr'>in</span> <span class='ocrx_word' id='word_1_538' title='bbox 335 4445 457 4505; x_wconf 89' lang='lat' dir='ltr'>civitate</span> <span class='ocrx_word' id='word_1_539' title='bbox 470 4441 560 4506; x_wconf 73' lang='lat' dir='ltr'>hubeis</span> <span class='ocrx_word' id='word_1_540' title='bbox 578 4442 670 4521; x_wconf 88' lang='lat' dir='ltr'>dicta,</span> <span class='ocrx_word' id='word_1_541' title='bbox 693 4445 867 4506; x_wconf 88' lang='lat' dir='ltr'>eternaliter</span> <span class='ocrx_word' id='word_1_542' title='bbox 889 4465 926 4506; x_wconf 90' lang='lat' dir='ltr'>ac</span> <span class='ocrx_word' id='word_1_543' title='bbox 947 4465 1012 4526; x_wconf 87' lang='lat' dir='ltr'>per·</span> <span class='ocrx_word' id='word_1_544' title='bbox 1055 4449 1158 4523; x_wconf 88' lang='lat' dir='ltr'>parte,</span> <span class='ocrx_word' id='word_1_545' title='bbox 1179 4441 1230 4502; x_wconf 92' lang='lat' dir='ltr'>ubi</span> <span class='ocrx_word' id='word_1_546' title='bbox 1249 4444 1357 4504; x_wconf 87' lang='lat' dir='ltr'>civitas</span> <span class='ocrx_word' id='word_1_547' title='bbox 1380 4448 1508 4505; x_wconf 87' lang='lat' dir='ltr'>nonest</span> <span class='ocrx_word' id='word_1_548' title='bbox 1529 4444 1597 4505; x_wconf 85' lang='lat' dir='ltr'>sita.</span> 
     </span>
     <span class='ocr_line' id='line_1_51' title="bbox 222 4525 1631 4608; baseline -0.001 -19"><span class='ocrx_word' id='word_1_549' title='bbox 222 4534 316 4608; x_wconf 90' lang='lat' dir='ltr'>petuo</span> <span class='ocrx_word' id='word_1_550' title='bbox 346 4528 528 4588; x_wconf 88' lang='lat' dir='ltr'>contulimus</span> <span class='ocrx_word' id='word_1_551' title='bbox 560 4535 592 4587; x_wconf 86' lang='lat' dir='ltr'>et</span> <span class='ocrx_word' id='word_1_552' title='bbox 620 4547 640 4587; x_wconf 91' lang='lat' dir='ltr'>a</span> <span class='ocrx_word' id='word_1_553' title='bbox 660 4528 738 4588; x_wconf 85' lang='lat' dir='ltr'>festo</span> <span class='ocrx_word' id='word_1_554' title='bbox 769 4531 865 4589; x_wconf 86' lang='lat' dir='ltr'>sancti</span> <span class='ocrx_word' id='word_1_555' title='bbox 892 4530 1012 4590; x_wconf 88' lang='lat' dir='ltr'>lllartini</span> <span class='ocrx_word' id='word_1_556' title='bbox 1055 4525 1133 4585; x_wconf 82' lang='lat' dir='ltr'>infra</span> <span class='ocrx_word' id='word_1_557' title='bbox 1155 4525 1251 4586; x_wconf 87' lang='lat' dir='ltr'>dietas</span> <span class='ocrx_word' id='word_1_558' title='bbox 1274 4533 1387 4605; x_wconf 91' lang='lat' dir='ltr'>metas,</span> <span class='ocrx_word' id='word_1_559' title='bbox 1408 4527 1566 4607; x_wconf 82' lang='lat' dir='ltr'>granicus,</span> <span class='ocrx_word' id='word_1_560' title='bbox 1597 4544 1631 4608; x_wconf 86' lang='lat' dir='ltr'>gs</span> 
     </span>
     <span class='ocr_line' id='line_1_52' title="bbox 222 4609 1603 4691; baseline 0 -19"><span class='ocrx_word' id='word_1_561' title='bbox 222 4630 304 4672; x_wconf 91' lang='lat' dir='ltr'>anno</span> <span class='ocrx_word' id='word_1_562' title='bbox 326 4612 468 4691; x_wconf 87' lang='lat' dir='ltr'>proximo</span> <span class='ocrx_word' id='word_1_563' title='bbox 500 4616 629 4672; x_wconf 91' lang='lat' dir='ltr'>venturo</span> <span class='ocrx_word' id='word_1_564' title='bbox 658 4609 697 4670; x_wconf 89' lang='lat' dir='ltr'>ad</span> <span class='ocrx_word' id='word_1_565' title='bbox 730 4610 836 4671; x_wconf 89' lang='lat' dir='ltr'>decem</span> <span class='ocrx_word' id='word_1_566' title='bbox 862 4631 1012 4673; x_wconf 87' lang='lat' dir='ltr'>annorum</span> <span class='ocrx_word' id='word_1_567' title='bbox 1056 4609 1155 4668; x_wconf 88' lang='lat' dir='ltr'>minos</span> <span class='ocrx_word' id='word_1_568' title='bbox 1184 4616 1232 4668; x_wconf 89' lang='lat' dir='ltr'>est</span> <span class='ocrx_word' id='word_1_569' title='bbox 1258 4616 1290 4669; x_wconf 92' lang='lat' dir='ltr'>et</span> <span class='ocrx_word' id='word_1_570' title='bbox 1317 4610 1505 4689; x_wconf 87' lang='lat' dir='ltr'>continetur,</span> <span class='ocrx_word' id='word_1_571' title='bbox 1537 4611 1603 4673; x_wconf 88' lang='lat' dir='ltr'>sive</span> 
     </span>
     <span class='ocr_line' id='line_1_53' title="bbox 223 4690 1631 4775; baseline 0.002 -21"><span class='ocrx_word' id='word_1_572' title='bbox 223 4695 328 4775; x_wconf 87' lang='lat' dir='ltr'>spacia</span> <span class='ocrx_word' id='word_1_573' title='bbox 359 4693 454 4755; x_wconf 90' lang='lat' dir='ltr'>libere</span> <span class='ocrx_word' id='word_1_574' title='bbox 487 4692 702 4773; x_wconf 88' lang='lat' dir='ltr'>possidendos.</span> <span class='ocrx_word' id='word_1_575' title='bbox 751 4692 798 4753; x_wconf 91' lang='lat' dir='ltr'>lta</span> <span class='ocrx_word' id='word_1_576' title='bbox 826 4702 945 4773; x_wconf 86' lang='lat' dir='ltr'>tamen,</span> <span class='ocrx_word' id='word_1_577' title='bbox 981 4703 1013 4755; x_wconf 91' lang='lat' dir='ltr'>ut</span> <span class='ocrx_word' id='word_1_578' title='bbox 1055 4698 1141 4770; x_wconf 88' lang='lat' dir='ltr'>parte</span> <span class='ocrx_word' id='word_1_579' title='bbox 1156 4690 1289 4752; x_wconf 90' lang='lat' dir='ltr'>fluminis</span> <span class='ocrx_word' id='word_1_580' title='bbox 1311 4693 1361 4753; x_wconf 88' lang='lat' dir='ltr'>vel</span> <span class='ocrx_word' id='word_1_581' title='bbox 1382 4692 1496 4772; x_wconf 84' lang='lat' dir='ltr'>axilla,</span> <span class='ocrx_word' id='word_1_582' title='bbox 1518 4693 1631 4757; x_wconf 86' lang='lat' dir='ltr'>sivein</span> 
     </span>
     <span class='ocr_line' id='line_1_54' title="bbox 223 4773 1631 4859; baseline -0.001 -20"><span class='ocrx_word' id='word_1_583' title='bbox 223 4778 348 4859; x_wconf 87' lang='lat' dir='ltr'>expleta</span> <span class='ocrx_word' id='word_1_584' title='bbox 369 4777 476 4838; x_wconf 87' lang='lat' dir='ltr'>eadem</span> <span class='ocrx_word' id='word_1_585' title='bbox 499 4775 639 4839; x_wconf 82' lang='lat' dir='ltr'>libertate</span> <span class='ocrx_word' id='word_1_586' title='bbox 661 4778 743 4837; x_wconf 91' lang='lat' dir='ltr'>cives</span> <span class='ocrx_word' id='word_1_587' title='bbox 766 4784 798 4838; x_wconf 89' lang='lat' dir='ltr'>ct</span> <span class='ocrx_word' id='word_1_588' title='bbox 817 4778 919 4840; x_wconf 91' lang='lat' dir='ltr'>incole</span> <span class='ocrx_word' id='word_1_589' title='bbox 942 4779 1012 4838; x_wconf 86' lang='lat' dir='ltr'>civi-</span> <span class='ocrx_word' id='word_1_590' title='bbox 1054 4773 1117 4853; x_wconf 89' lang='lat' dir='ltr'>pis,</span> <span class='ocrx_word' id='word_1_591' title='bbox 1139 4775 1241 4854; x_wconf 88' lang='lat' dir='ltr'>aquis,</span> <span class='ocrx_word' id='word_1_592' title='bbox 1263 4777 1386 4855; x_wconf 89' lang='lat' dir='ltr'>pascuis</span> <span class='ocrx_word' id='word_1_593' title='bbox 1410 4775 1501 4838; x_wconf 84' lang='lat' dir='ltr'>fuerit</span> <span class='ocrx_word' id='word_1_594' title='bbox 1521 4785 1553 4838; x_wconf 88' lang='lat' dir='ltr'>et</span> <span class='ocrx_word' id='word_1_595' title='bbox 1572 4777 1604 4837; x_wconf 92' lang='lat' dir='ltr'>in</span> <span class='ocrx_word' id='word_1_596' title='bbox 1627 4796 1631 4857; x_wconf 62' lang='grc' dir='ltr'>ι</span> 
     </span>
     <span class='ocr_line' id='line_1_55' title="bbox 223 4855 1631 4939; baseline -0.001 -18"><span class='ocrx_word' id='word_1_597' title='bbox 223 4861 293 4921; x_wconf 89' lang='lat' dir='ltr'>tatis</span> <span class='ocrx_word' id='word_1_598' title='bbox 310 4868 479 4921; x_wconf 89' lang='lat' dir='ltr'>memorate</span> <span class='ocrx_word' id='word_1_599' title='bbox 492 4858 581 4920; x_wconf 89' lang='lat' dir='ltr'>nobis</span> <span class='ocrx_word' id='word_1_600' title='bbox 604 4868 635 4921; x_wconf 86' lang='lat' dir='ltr'>et</span> <span class='ocrx_word' id='word_1_601' title='bbox 655 4860 767 4922; x_wconf 77' lang='lat' dir='ltr'>nosuis</span> <span class='ocrx_word' id='word_1_602' title='bbox 782 4861 1011 4925; x_wconf 87' lang='lat' dir='ltr'>successoribus</span> <span class='ocrx_word' id='word_1_603' title='bbox 1055 4855 1127 4935; x_wconf 84' lang='lat' dir='ltr'>quid</span> <span class='ocrx_word' id='word_1_604' title='bbox 1149 4858 1188 4918; x_wconf 87' lang='lat' dir='ltr'>sit</span> <span class='ocrx_word' id='word_1_605' title='bbox 1214 4866 1247 4919; x_wconf 88' lang='lat' dir='ltr'>et</span> <span class='ocrx_word' id='word_1_606' title='bbox 1271 4859 1302 4918; x_wconf 95' lang='lat' dir='ltr'>in</span> <span class='ocrx_word' id='word_1_607' title='bbox 1333 4878 1527 4939; x_wconf 89' lang='lat' dir='ltr'>quocumque</span> <span class='ocrx_word' id='word_1_608' title='bbox 1554 4858 1631 4921; x_wconf 81' lang='lat' dir='ltr'>hreri</span> 
     </span>
     <span class='ocr_line' id='line_1_56' title="bbox 221 4939 1631 5025; baseline -0.001 -21"><span class='ocrx_word' id='word_1_609' title='bbox 221 4943 349 5025; x_wconf 87' lang='lat' dir='ltr'>singulis</span> <span class='ocrx_word' id='word_1_610' title='bbox 378 4944 466 5005; x_wconf 88' lang='lat' dir='ltr'>annis</span> <span class='ocrx_word' id='word_1_611' title='bbox 487 4942 518 5002; x_wconf 91' lang='lat' dir='ltr'>in</span> <span class='ocrx_word' id='word_1_612' title='bbox 544 4941 623 5005; x_wconf 82' lang='lat' dir='ltr'>festo</span> <span class='ocrx_word' id='word_1_613' title='bbox 650 4946 747 5005; x_wconf 87' lang='lat' dir='ltr'>sancti</span> <span class='ocrx_word' id='word_1_614' title='bbox 769 4943 891 5005; x_wconf 84' lang='lat' dir='ltr'>Martini</span> <span class='ocrx_word' id='word_1_615' title='bbox 920 4964 1011 5005; x_wconf 90' lang='lat' dir='ltr'>unum</span> <span class='ocrx_word' id='word_1_616' title='bbox 1056 4939 1172 5001; x_wconf 84' lang='lat' dir='ltr'>civibus</span> <span class='ocrx_word' id='word_1_617' title='bbox 1194 4949 1226 5001; x_wconf 92' lang='lat' dir='ltr'>et</span> <span class='ocrx_word' id='word_1_618' title='bbox 1246 4942 1361 5003; x_wconf 84' lang='lat' dir='ltr'>civitati</span> <span class='ocrx_word' id='word_1_619' title='bbox 1395 4942 1447 5002; x_wconf 91' lang='lat' dir='ltr'>tali</span> <span class='ocrx_word' id='word_1_620' title='bbox 1476 4941 1576 5004; x_wconf 86' lang='lat' dir='ltr'>forma</span> <span class='ocrx_word' id='word_1_621' title='bbox 1602 4960 1631 5003; x_wconf 79' lang='lat' dir='ltr'>c&lt;</span> 
     </span>
     <span class='ocr_line' id='line_1_57' title="bbox 221 5023 1630 5108; baseline -0.001 -20"><span class='ocrx_word' id='word_1_622' title='bbox 221 5028 371 5089; x_wconf 79' lang='lat' dir='ltr'>fertonem</span> <span class='ocrx_word' id='word_1_623' title='bbox 386 5026 579 5088; x_wconf 90' lang='lat' dir='ltr'>denariorum</span> <span class='ocrx_word' id='word_1_624' title='bbox 595 5034 717 5089; x_wconf 91' lang='lat' dir='ltr'>monete</span> <span class='ocrx_word' id='word_1_625' title='bbox 727 5027 841 5088; x_wconf 90' lang='lat' dir='ltr'>usualis</span> <span class='ocrx_word' id='word_1_626' title='bbox 858 5047 914 5108; x_wconf 92' lang='lat' dir='ltr'>pro</span> <span class='ocrx_word' id='word_1_627' title='bbox 929 5027 1013 5089; x_wconf 88' lang='lat' dir='ltr'>omni</span> <span class='ocrx_word' id='word_1_628' title='bbox 1055 5023 1222 5103; x_wconf 90' lang='lat' dir='ltr'>donamus,</span> <span class='ocrx_word' id='word_1_629' title='bbox 1243 5032 1276 5084; x_wconf 92' lang='lat' dir='ltr'>ut</span> <span class='ocrx_word' id='word_1_630' title='bbox 1290 5027 1319 5085; x_wconf 89' lang='lat' dir='ltr'>in</span> <span class='ocrx_word' id='word_1_631' title='bbox 1339 5024 1494 5105; x_wconf 89' lang='lat' dir='ltr'>quoslibet</span> <span class='ocrx_word' id='word_1_632' title='bbox 1510 5044 1582 5087; x_wconf 91' lang='lat' dir='ltr'>usus</span> <span class='ocrx_word' id='word_1_633' title='bbox 1603 5024 1630 5087; x_wconf 80' lang='lat' dir='ltr'>ir</span> 
     </span>
     <span class='ocr_line' id='line_1_58' title="bbox 216 5102 1631 5192; baseline -0.004 -20"><span class='ocrx_word' id='word_1_634' title='bbox 216 5115 290 5192; x_wconf 88' lang='lat' dir='ltr'>jure</span> <span class='ocrx_word' id='word_1_635' title='bbox 311 5117 342 5170; x_wconf 86' lang='lat' dir='ltr'>et</span> <span class='ocrx_word' id='word_1_636' title='bbox 370 5110 500 5171; x_wconf 85' lang='lat' dir='ltr'>servicio</span> <span class='ocrx_word' id='word_1_637' title='bbox 523 5108 563 5169; x_wconf 91' lang='lat' dir='ltr'>da</span> <span class='ocrx_word' id='word_1_638' title='bbox 583 5110 721 5189; x_wconf 85' lang='lat' dir='ltr'>quolibet</span> <span class='ocrx_word' id='word_1_639' title='bbox 741 5130 866 5189; x_wconf 92' lang='lat' dir='ltr'>manso,</span> <span class='ocrx_word' id='word_1_640' title='bbox 897 5111 948 5191; x_wconf 91' lang='lat' dir='ltr'>qui</span> <span class='ocrx_word' id='word_1_641' title='bbox 969 5108 1012 5171; x_wconf 87' lang='lat' dir='ltr'>in-</span> <span class='ocrx_word' id='word_1_642' title='bbox 1056 5106 1157 5169; x_wconf 89' lang='lat' dir='ltr'>litates</span> <span class='ocrx_word' id='word_1_643' title='bbox 1180 5106 1320 5189; x_wconf 89' lang='lat' dir='ltr'>redigere</span> <span class='ocrx_word' id='word_1_644' title='bbox 1345 5128 1382 5170; x_wconf 89' lang='lat' dir='ltr'>ac</span> <span class='ocrx_word' id='word_1_645' title='bbox 1403 5102 1584 5171; x_wconf 78' lang='lat' dir='ltr'>convertere</span> <span class='ocrx_word' id='word_1_646' title='bbox 1604 5128 1631 5171; x_wconf 79' lang='lat' dir='ltr'>m</span> 
     </span>
     <span class='ocr_line' id='line_1_59' title="bbox 221 5189 1604 5273; baseline -0.001 -19"><span class='ocrx_word' id='word_1_647' title='bbox 221 5194 267 5254; x_wconf 81' lang='lat' dir='ltr'>fra</span> <span class='ocrx_word' id='word_1_648' title='bbox 288 5195 438 5273; x_wconf 85' lang='lat' dir='ltr'>granieias</span> <span class='ocrx_word' id='word_1_649' title='bbox 454 5193 586 5253; x_wconf 88' lang='lat' dir='ltr'>civitatis</span> <span class='ocrx_word' id='word_1_650' title='bbox 609 5194 749 5255; x_wconf 89' lang='lat' dir='ltr'>inventus</span> <span class='ocrx_word' id='word_1_651' title='bbox 764 5195 870 5271; x_wconf 83' lang='lat' dir='ltr'>fuerit,</span> <span class='ocrx_word' id='word_1_652' title='bbox 892 5193 1014 5256; x_wconf 90' lang='lat' dir='ltr'>solvere</span> <span class='ocrx_word' id='word_1_653' title='bbox 1056 5191 1118 5250; x_wconf 87' lang='lat' dir='ltr'>sint</span> <span class='ocrx_word' id='word_1_654' title='bbox 1139 5198 1170 5252; x_wconf 93' lang='lat' dir='ltr'>et</span> <span class='ocrx_word' id='word_1_655' title='bbox 1196 5189 1330 5252; x_wconf 90' lang='lat' dir='ltr'>debeant</span> <span class='ocrx_word' id='word_1_656' title='bbox 1357 5210 1412 5252; x_wconf 90' lang='lat' dir='ltr'>sue</span> <span class='ocrx_word' id='word_1_657' title='bbox 1439 5210 1477 5253; x_wconf 81' lang='lat' dir='ltr'>ac</span> <span class='ocrx_word' id='word_1_658' title='bbox 1497 5197 1604 5253; x_wconf 85' lang='lat' dir='ltr'>nostre</span> 
     </span>
     <span class='ocr_line' id='line_1_60' title="bbox 222 5273 1631 5356; baseline 0 -18"><span class='ocrx_word' id='word_1_659' title='bbox 222 5282 383 5338; x_wconf 86' lang='lat' dir='ltr'>teneantur</span> <span class='ocrx_word' id='word_1_660' title='bbox 420 5275 586 5337; x_wconf 84' lang='lat' dir='ltr'>occasione</span> <span class='ocrx_word' id='word_1_661' title='bbox 626 5276 729 5356; x_wconf 90' lang='lat' dir='ltr'>aliqua</span> <span class='ocrx_word' id='word_1_662' title='bbox 760 5295 823 5338; x_wconf 95' lang='lat' dir='ltr'>non</span> <span class='ocrx_word' id='word_1_663' title='bbox 861 5276 1013 5339; x_wconf 85' lang='lat' dir='ltr'>obstante.</span> <span class='ocrx_word' id='word_1_664' title='bbox 1057 5275 1197 5336; x_wconf 88' lang='lat' dir='ltr'>civitatis.</span> <span class='ocrx_word' id='word_1_665' title='bbox 1227 5273 1467 5355; x_wconf 73' lang='lat' dir='ltr'>verumptamen</span> <span class='ocrx_word' id='word_1_666' title='bbox 1479 5274 1541 5337; x_wconf 89' lang='lat' dir='ltr'>hoc</span> <span class='ocrx_word' id='word_1_667' title='bbox 1562 5293 1631 5338; x_wconf 74' lang='lat' dir='ltr'>exce</span> 
     </span>
     <span class='ocr_line' id='line_1_61' title="bbox 222 5357 1602 5440; baseline 0.002 -19"><span class='ocrx_word' id='word_1_668' title='bbox 222 5359 331 5421; x_wconf 69' lang='lat' dir='ltr'>Nicias</span> <span class='ocrx_word' id='word_1_669' title='bbox 355 5365 459 5423; x_wconf 66' lang='lat' dir='ltr'>nmen</span> <span class='ocrx_word' id='word_1_670' title='bbox 480 5375 549 5419; x_wconf 80' lang='lat' dir='ltr'>cum</span> <span class='ocrx_word' id='word_1_671' title='bbox 575 5358 657 5438; x_wconf 76' lang='lat' dir='ltr'>ipsis·</span> <span class='ocrx_word' id='word_1_672' title='bbox 675 5377 769 5440; x_wconf 84' lang='lat' dir='ltr'>agera</span> <span class='ocrx_word' id='word_1_673' title='bbox 788 5358 944 5438; x_wconf 84' lang='lat' dir='ltr'>volantes,</span> <span class='ocrx_word' id='word_1_674' title='bbox 974 5358 1013 5421; x_wconf 85' lang='lat' dir='ltr'>ab</span> <span class='ocrx_word' id='word_1_675' title='bbox 1056 5357 1104 5421; x_wconf 91' lang='lat' dir='ltr'>lus</span> <span class='ocrx_word' id='word_1_676' title='bbox 1136 5357 1215 5419; x_wconf 83' lang='lat' dir='ltr'>infra</span> <span class='ocrx_word' id='word_1_677' title='bbox 1244 5357 1386 5440; x_wconf 64' lang='lat' dir='ltr'>manicas</span> <span class='ocrx_word' id='word_1_678' title='bbox 1413 5362 1602 5438; x_wconf 62' lang='lat' dir='ltr'>manante!</span> 
     </span>
    </p>
   </div>
   <div class='ocr_carea' id='block_1_3' title="bbox 0 0 1780 5826">
    <p class='ocr_par' dir='ltr' id='par_1_3' title="bbox 0 0 1780 5826">
     <span class='ocr_line' id='line_1_62' title="bbox 0 0 1780 5826; baseline 0 0"><span class='ocrx_word' id='word_1_679' title='bbox 0 0 1780 5826; x_wconf 95' lang='lat' dir='ltr'> </span> 
     </span>
    </p>
   </div>
  </div>
 </body>
</html>
