3548 5826
718 245 891 303 desldmt
1549 243 1612 312 935

78 402 125 464 nio
149 402 239 465 uobis
262 403 396 483 quinque
418 422 537 465 marcas
559 410 591 465 et
612 402 774 485 oppidanis
815 399 999 465 servandum
1028 420 1065 463 ea
1094 399 1133 463 de
1155 419 1248 463 musa
1277 403 1397 465 mittere
1419 404 1612 468 tenebuntur.

78 505 110 547 se
155 485 272 549 solidos
315 486 509 548 denariorum
551 487 774 551 coloniensium
815 484 856 548 Et
876 486 903 546 si
924 485 1053 564 furtum,
1075 484 1289 562 homicidium,
1320 487 1455 550 mulieris
1476 486 1523 560 ⁴⁵)
1548 489 1613 550 vio·

78 590 98 633 ‘e
122 570 344 651 tenebiturpro
367 570 508 650 emenda,
530 572 617 634 salvo
630 571 696 641 lesn
719 590 775 652 per
817 569 973 644 lationem,
995 588 1056 649 que
1077 568 1245 649 vulgariter
1265 569 1539 649 diciturnoitzoplr,
1561 570 1613 633 ali·

78 655 170 735 .jure
192 672 258 716 suo.
301 653 334 716 Si
368 674 442 716 veru
474 656 681 717 testimouium
711 673 774 716 non
817 653 883 733 quis
904 653 936 714 iu
956 653 1092 734 ipsorum
1114 651 1435 735 oppidolluceeldorp
1456 663 1612 735 perpetra·

78 757 125 816 ur,
160 736 289 817 quilibet
320 737 358 799 de
387 737 526 818 quolibet
547 737 605 801 sibi
627 738 773 820 imposito
817 734 870 812 bit,
890 735 977 797 illum
997 736 1097 817 iprum
1112 734 1259 817 oppidani
1280 735 1409 820 iufrass)
1431 756 1536 799 eorum
1560 757 1614 818 op·

78 840 150 903 gare
171 841 206 882 se
227 823 341 902 poterit
361 841 417 883 suo
441 822 571 904 simplici
588 826 774 903 juramento,
817 818 921 900 pidum
939 818 1129 900 Dusseldorp
1153 837 1220 880 cum
1233 817 1281 904 ⁴¹)
1305 827 1377 883 octo
1396 820 1529 884 scabinis
1551 821 1614 882 suis

78 904 313 985 >pidauusonop
335 904 459 967 idanum
482 926 569 967 suum
584 904 636 985 ⁸¹)
650 905 773 966 conviu·
815 903 917 965 iacere
938 901 1053 964 debent
1073 922 1177 982 reum,
1201 909 1232 964 et
1252 911 1325 965 tunc
1346 903 1386 965 ad
1403 903 1516 966 dictum
1535 903 1614 984 judi-

78 987 205 1049 soluerit
227 1009 281 1068 per
324 989 447 1051 cellum.
470 996 496 1064 s.
519 991 548 1054 8.
572 988 605 1050 Si
626 1007 700 1050 vero
722 986 774 1049 ad·
817 988 895 1047 oium
911 984 950 1049 de
958 987 1181 1062 tractataque
1201 1005 1270 1047 cum
1289 987 1425 1049 ollicietc
1441 994 1548 1050 nostro
1570 989 1615 1048 ire

78 1070 189 1149 aliquis
211 1072 241 1131 iu
265 1072 333 1152 ipso
356 1071 470 1152 oppido
502 1081 608 1134 nostro
639 1091 695 1153 pro
722 1071 775 1132 ali·
817 1069 932 1132 debent
953 1078 984 1131 et
1013 1088 1098 1130 reum
1133 1071 1233 1131 eidem
1268 1069 1404 1132 officiato
1434 1080 1541 1132 nostro
1575 1068 1614 1131 sd

78 1154 193 1214 erimine
216 1155 339 1234 capitali
361 1155 451 1216 inerit
482 1156 634 1217 allocutus
656 1162 709 1216 aut
730 1174 776 1215 ar·
819 1151 1108 1232 condempnandum
1121 1161 1299 1233 presentare
1319 1154 1485 1215 secuudum
1508 1174 1614 1215 eorum

77 1257 122 1315 us,
143 1236 227 1298 illum
250 1257 307 1299 uos
329 1245 383 1299 aut
403 1238 500 1300 nostri
522 1256 728 1316 successores,
750 1237 776 1297 si
818 1234 925 1317 oppidi
947 1234 1129 1298 libertatem.
1151 1242 1178 1311 ς.
1203 1237 1251 1300 12.
1273 1236 1400 1318 Insuper
1424 1237 1614 1298 manifestius

78 1339 145 1396 ius,
180 1339 234 1399 per
267 1331 403 1382 nostrum
431 1321 565 1402 pugilem
592 1323 777 1383 convincere
818 1328 866 1380 est
887 1338 1077 1400 expressum,
1099 1319 1183 1399 quod
1206 1321 1379 1400 quicunque
1399 1320 1494 1381 homo
1517 1322 1615 1400 ipsum

79 1423 156 1481 mus,
180 1405 292 1463 crimen
305 1403 362 1465 sibi
373 1404 550 1485 impositum
572 1413 779 1486 perpetrasse;
819 1402 965 1483 oppidum
990 1402 1323 1484 nostrumDusseldorp
1347 1423 1470 1464 exnunc
1491 1404 1617 1464 inantea

77 1504 95 1545 c
129 1486 217 1547 nobis
248 1496 278 1547 et
300 1488 412 1548 nostris
440 1489 670 1550 successoribus
692 1486 775 1547 volu·
819 1486 978 1547 intraverit
999 1484 1038 1545 ad
1068 1486 1274 1564 manendum,
1303 1488 1328 1547 si
1357 1506 1376 1546 a
1404 1506 1460 1546 suo
1489 1486 1615 1547 domino

78 1570 247 1650 specialiter
268 1589 435 1634 reservare.
470 1577 498 1644 ς.
520 1574 549 1637 9.
571 1571 648 1633 Item
672 1571 777 1650 nuptie
820 1568 898 1629 inira
919 1567 967 1644 ⁴⁸)
1002 1587 1116 1629 anuum
1144 1577 1177 1630 et
1210 1570 1289 1631 diem
1327 1590 1347 1630 a
1368 1572 1466 1650 primo
1490 1568 1539 1630 dic
1561 1589 1616 1630 sue

78 1661 290 1731 intumentes,
313 1657 363 1732 qui
379 1652 777 1730 dicuuturbruloffteus³⁸)‚
820 1653 1022 1733 receptionis,
1053 1670 1113 1732 quo
1135 1659 1278 1733 receptus
1301 1653 1435 1714 extiterit
1456 1654 1486 1713 in
1509 1652 1616 1734 burge·

77 1737 145 1796 inus
168 1734 246 1796 dnos
269 1755 337 1796 cum
362 1757 467 1798 eorum
484 1742 660 1819 juramento
694 1743 778 1817 pote-
819 1754 891 1811 ros,
915 1734 1007 1796 modo
1033 1733 1136 1796 debito
1159 1736 1249 1797 merit
1270 1737 1451 1815 requisitus,
1479 1737 1536 1816 ipsi
1559 1754 1615 1797 auo

82 1821 112 1879 in
146 1819 229 1880 dicto
263 1819 378 1900 oppido
400 1821 567 1901 approbari
589 1820 636 1897 ³⁹)
671 1839 778 1880 secun·
821 1817 946 1879 domiuo
970 1837 1039 1879 num
1060 1818 1151 1879 rebus
1173 1821 1235 1880 suis
1259 1818 1399 1880 omuibus
1422 1826 1469 1879 est
1489 1818 1617 1880 redden·

78 1921 183 1963 eorum
207 1903 363 1981 antiquam
388 1904 655 1967 cousuetudinem.
678 1911 705 1978 ς.
729 1904 778 1967 10.
821 1900 894 1978 dus,
923 1903 948 1962 si
972 1920 1046 1962 vern
1084 1900 1186 1963 medio
1214 1912 1354 1982 tempore
1376 1921 1436 1963 uon
1461 1903 1552 1963 suerit
1572 1921 1616 1963 re·

81 1995 128 2047 est
151 1986 326 2065 adjectum,
364 1983 446 2065 quod
470 1989 496 2050 si
518 1988 628 2067 aliquis
650 1987 780 2048 homici-
821 1985 960 2127 quisitus,
982 1995 1014 2046 et
1035 2003 1213 2065 perannum
1236 1994 1267 2047 et
1288 1984 1367 2046 diem
1392 1988 1422 2046 in
1439 1987 1508 2066 ipso
1532 1988 1617 2066 oppi-

89 2070 323 2149 perpetraverit,
357 2069 503 2131 seminam
525 2072 555 2131 vi
576 2069 629 2144 40)
655 2090 781 2153 oppres·
843 2087 861 2129 ο
883 2069 1093 2149 permanserit,
1115 2069 1183 2148 ipse
1205 2068 1296 2131 nobis
1318 2077 1350 2129 et
1370 2070 1482 2131 nostris
1496 2088 1616 2130 succes·

78 2208 79 2214 ,
117 2161 169 2211 aut
189 2151 289 2212 simile
311 2152 383 2231 quid
411 2153 468 2214 hiis
491 2154 694 2230 commiserit,
727 2175 781 2234 per
822 2152 942 2212 sonibus
964 2159 1109 2230 tanquam
1132 2150 1254 2212 advena
1287 2158 1421 2230 attenet,
1455 2162 1486 2213 et
1518 2153 1617 2233 ipsum

100 2243 197 2295 morte
221 2235 310 2295 luerit
334 2236 629 2317 condempnandus,
662 2244 692 2297 et
720 2238 781 2298 boc
824 2233 939 2295 eisdem
970 2233 1133 2315 oppidanis
1162 2235 1276 2296 uostris
1304 2235 1343 2297 de
1366 2235 1555 2317 Dusseldorp
1586 2237 1617 2296 iu

78 2338 104 2378 rs
126 2319 258 2379 scabinis
281 2326 313 2379 et
327 2323 431 2401 jurato
454 2321 560 2382 nuntio
581 2320 688 2401 oppidi
709 2340 780 2381 con·
823 2316 1050 2398 cnoppidanum
1074 2337 1190 2396 eorum,
1213 2326 1357 2399 tanquam
1377 2319 1469 2380 alium
1491 2320 1618 2400 cnoppi·

78 2403 97 2462 it
117 2399 182 2485 ⁴¹):
206 2403 272 2462 sine
295 2404 377 2463 omni
400 2403 643 2464 contradictione
666 2402 780 2465 deren
823 2400 936 2463 danum
958 2420 1064 2474 suum,
1087 2400 1201 2462 ibidem
1225 2401 1393 2463 secundum
1416 2421 1524 2464 omues
1547 2422 1619 2463 cou-

78 2504 149 2545 mns
172 2491 203 2545 et
233 2484 380 2546 debemus
403 2485 495 2548 modo
519 2485 623 2548 debito
640 2485 780 2569 judicare
822 2484 954 2547 ditiones
975 2482 1128 2565 predictae
1150 2484 1277 2546 liberum
1300 2485 1428 2547 facimus
1457 2494 1489 2546 et
1509 2485 1618 2546 damus

78 2567 153 2631 dum
176 2570 360 2630 sententiam
383 2571 501 2631 scilicet
532 2570 698 2632 eorundem
728 2590 780 2652 up·
823 2588 878 2649 per
919 2574 1099 2648 presentes,
1134 2575 1166 2629 et
1197 2574 1310 2629 extunc
1338 2571 1559 2649 imperpetuum
1586 2569 1617 2628 in

80 2671 166 2713 orum
190 2659 364 2712 nostrorum
387 2653 425 2713 de
448 2653 649 2735 Dusseldorp.
672 2653 703 2715 Si
725 2674 779 2713 su·
823 2654 891 2732 ipso
927 2652 1042 2731 oppido
1076 2660 1182 2714 nostro
1220 2649 1373 2713 tenebitur
1393 2650 1566 2732 oppidanus
1588 2658 1620 2713 et

78 2736 280 2796 testimouium
303 2735 409 2797 baberi
427 2756 489 2798 uon
511 2738 633 2818 poterit,
655 2756 725 2797 reus
747 2756 781 2798 ee
819 2739 889 2817 jure
914 2737 979 2814 jam
1011 2733 1161 2795 dictorum
1189 2748 1362 2796 nostrorum
1392 2734 1617 2815 oppidanorum

78 2818 170 2899 rgabit
190 2818 319 2899 simplici
343 2839 434 2880 mauu
456 2839 522 2897 sua,
544 2819 675 2884 siluerit
697 2822 782 2902 oppi-
824 2817 952 2899 pacifice
974 2814 1121 2898 gaudebit
1142 2825 1173 2879 et
1195 2819 1307 2899 quiete.
1337 2825 1364 2892 §.
1377 2819 1426 2883 13.
1469 2818 1545 2879 ltem
1567 2816 1619 2879 da·

78 2923 93 2981 i,
115 2902 172 2961 uisi
194 2922 267 2961 suns
290 2902 513 2984 cnoppidanus,
536 2913 568 2964 ut
589 2903 702 2964 dictum
725 2912 783 2981 est,
825 2921 891 2962 mus
914 2899 1030 2962 eisdem
1052 2901 1215 2981 oppidanis
1238 2903 1352 2963 nostris
1373 2903 1404 2962 in
1427 2900 1618 2981 Dusseldorp

79 2986 119 3046 rit
140 3004 208 3044 eum
232 2987 416 3048 convincere
439 3007 493 3068 per
517 2986 669 3065 duellum,
691 2986 781 3049 adve-
824 2984 976 3066 quandam
1000 2983 1093 3044 aliam
1106 2983 1287 3063 libertatem,
1310 2985 1391 3066 quod
1413 2985 1537 3045 indicto
1562 3004 1618 3065 op·

81 3087 154 3129 vero
187 3077 292 3128 nostro
331 3070 434 3150 pugile
462 3072 647 3132 convincere
675 3090 782 3151 possn·
825 3067 897 3148 pido
921 3074 1027 3128 nostro
1049 3066 1188 3147 quolibet
1218 3088 1301 3130 auno
1330 3069 1390 3129 duo
1419 3067 1515 3129 libera
1541 3068 1618 3144 inra,

87 3159 119 3212 ut
139 3159 187 3212 eat
211 3151 390 3232 predictum.
435 3154 463 3233 S.
489 3159 535 3217 ll.
559 3154 702 3215 Preterea
723 3155 783 3236 ipsi
824 3171 884 3231 que
906 3151 1240 3228 dicuntnrilsnmscrlc,
1275 3151 1420 3213 videlicet
1452 3153 1483 3212 iu
1507 3160 1620 3212 octava

78 3235 133 3295 ,ani
155 3235 251 3295 nostri
273 3236 514 3318 deDusseldorp
538 3237 576 3297 ad
600 3237 716 3299 nullum
733 3240 780 3317 ju·
824 3237 892 3297 teeti
916 3240 1112 3316 pentecostes
1134 3255 1227 3295 unum
1255 3254 1310 3316 per
1340 3234 1471 3296 triduum
1494 3243 1567 3296 ante
1588 3241 1620 3295 et

78 3339 98 3378 u
124 3324 210 3379 extra
231 3338 320 3379 suum
342 3318 488 3400 oppidum
502 3319 606 3401 aliqua
627 3320 666 3380 de
688 3339 782 3381 caasa
822 3339 878 3400 per
906 3317 1035 3380 triduum
1065 3325 1159 3398 post,
1193 3326 1225 3379 et
1245 3319 1337 3379 simili
1366 3316 1460 3379 modo
1482 3318 1564 3379 aliud
1587 3319 1618 3378 iu

78 3401 467 3480 ›aliquoofficiatonostro
483 3404 781 3465 evocariantvexari
822 3402 902 3464 festo
927 3401 1006 3463 beati
1029 3398 1201 3479 Lamberti,
1241 3401 1355 3463 debent
1382 3399 1537 3463 observari
1559 3400 1621 3479 ⁴⁸),

78 3491 146 3561 unt,
169 3484 226 3544 nisi
249 3505 304 3566 pro
330 3485 409 3548 lusto
433 3485 599 3549 homicidio
624 3494 654 3547 et
676 3487 781 3548 mulie·
824 3484 945 3565 adque
979 3486 1190 3565 unusquisque
1221 3503 1329 3546 secure
1351 3485 1418 3545 siue
1440 3484 1544 3564 aliquo
1567 3486 1619 3545 im·

78 3567 230 3647 inlatione,
253 3588 312 3648 que
327 3569 491 3650 vulgariter
513 3569 784 3648 diciturnnitzoqlq
824 3568 1001 3649 pedimento
1027 3575 1059 3628 et
1080 3566 1217 3649 periculo
1252 3588 1307 3631 seu
1330 3568 1532 3629 arrestatioue
1554 3586 1622 3629 cor·

92 3650 138 3711 bis
162 3651 255 3712 tribus
284 3652 438 3733 [casibus]
465 3650 518 3738 ⁴²)
554 3654 611 3734 ipsi
635 3652 782 3735 oppidani
824 3652 908 3733 poris
930 3659 984 3712 aut
1004 3669 1237 3712 rerumsuarum
1261 3659 1324 3713 tute
1345 3653 1451 3712 venire
1472 3658 1576 3732 potest
1591 3657 1623 3713 et

78 3741 184 3796 >strum
203 3735 361 3816 judicium,
385 3735 466 3816 quod
488 3737 653 3818 vulgariter
674 3737 783 3799 dicitur
823 3735 942 3810 redire,
971 3735 1109 3815 exceptis
1146 3755 1166 3795 a
1186 3734 1275 3796 nobis
1305 3740 1338 3797 et
1357 3735 1388 3795 in
1412 3742 1493 3795 terra
1514 3741 1621 3796 nostra

78 3820 215 3893 isberpbe
236 3815 309 3893 ⁴³),
331 3820 374 3879 ire
397 3828 427 3879 et
448 3840 541 3881 unum
563 3820 720 3881 scabinum
743 3819 782 3882 de
824 3819 1011 3900 proscriptis.
1035 3824 1064 3891 s.
1079 3817 1126 3882 14.
1148 3817 1224 3879 ltem
1237 3819 1267 3878 in
1291 3817 1428 3899 qualibet
1449 3819 1621 3898 septimana

81 3899 213 3962 scabinis
237 3903 297 3961 suis
319 3900 358 3961 ad
382 3901 494 3963 dictum
515 3902 650 3966 officium
661 3900 709 3986 ⁴⁴)
730 3903 782 3966 ob·
823 3902 899 3964 feria
931 3900 1066 3963 secunda
1093 3903 1124 3961 iu
1160 3900 1243 3963 dicto
1273 3900 1390 3983 oppido
1411 3900 1511 3963 iorum
1536 3921 1620 3963 com·

825 4005 917 4046 mune
944 3983 1037 4045 debet
1064 3982 1231 4046 observari.
1266 3990 1293 4059 ς.
1319 3988 1366 4048 lb.
1398 3984 1543 4046 Preterea
1563 3983 1617 4061 ⁸⁰)

824 4069 937 4130 nostris
959 4066 1121 4147 oppidanis
1142 4067 1174 4129 iu
1190 4066 1391 4148 Dusseldorp,
1415 4086 1492 4148 qnos
1514 4069 1620 4130 favore

91 4187 135 4236 ts.
157 4182 335 4253 oppidanum.
823 4152 1036 4234 prosequimur
1057 4149 1104 4228 ⁵¹)
1127 4150 1289 4232 singulari,
1318 4150 1493 4232 specialiter
1522 4150 1621 4213 indul-

93 4261 138 4309 ta.
159 4256 362 4310 brautlausseut.
381 4257 417 4310 Es
430 4274 524 4310 waren
533 4257 608 4311 wohl
620 4257 709 4327 gleicb
729 4257 782 4311 deu
823 4255 941 4317 gemma
963 4233 1046 4314 il¹¹⁰d
1068 4233 1127 4313 ἰ9111
1149 4240 1180 4295 et
1202 4234 1248 4294 ⁸¹¹5
1268 4252 1464 4296 ⁸⁰⁰⁰0⁸⁸⁰f⁰⁸
1486 4235 1619 4296 ”nivem

78 4327 189 4381 nanne‘
205 4329 254 4382 des
281 4328 462 4382 dortmunder
480 4329 582 4383 Rechts
601 4330 666 4398 jone
694 4329 782 4384 Hoeh-
823 4321 853 4380 in
879 4325 1035 4400 posterum
1058 4315 1149 4379 rebus
1172 4316 1233 4378 cuis
1262 4325 1294 4379 et
1321 4319 1462 4397 personis
1482 4337 1538 4398 per
1559 4324 1619 4380 ter·

78 4398 327 4465 nste,walchenbel
348 4402 410 4454 dem
422 4400 500 4455 Festa
518 4400 783 4455 naehaltdeutacher
822 4422 887 4464 mm
910 4408 1046 4464 nostram
1070 4403 1259 4477 universam,
1296 4402 1560 4482 quotienscunque
1588 4409 1620 4463 et

89 4475 207 4541 gowisse
232 4471 485 4526 Ehreniunctinnen
515 4473 571 4536 (als
594 4473 780 4538 Brauttlibrer,
823 4485 1069 4566 quandocunque
1096 4502 1224 4544 „000300
1245 4484 1343 4560 fuerit,
1365 4485 1431 4547 gine
1449 4486 1533 4547 omni
1555 4484 1618 4545 the.

78 4544 204 4613 3⁸⁸⁰¹¹⁸¹¹2
224 4544 441 4605 Bm‘kne‘hw)
464 4545 616 4630 ‘mm’
647 4563 669 4597 ²·
687 4545 719 4598 Β·
737 4545 781 4597 ⁶¹⁹
821 4570 905 4631 lonio
928 4568 1017 4630 nobis
1038 4573 1092 4628 aut
1103 4568 1215 4628 nostris
1229 4566 1380 4629 solvendo
1392 4587 1499 4629 secure
1522 4576 1618 4630 mans-

89 4616 159 4668 uach
178 4615 226 4668 der
246 4617 457 4670 Brautkammcr
474 4634 507 4670 an
528 4616 655 4684 geleiten.

95 4686 146 4740 La.
167 4690 333 4755 approbare.

95 4758 144 4813 La.
164 4759 233 4813 itast
251 4762 277 4811 vi
296 4761 416 4828 binweg.

95 4829 145 4882 La.
165 4834 297 4885 constitit.

94 4903 139 4954 Bai
159 4902 204 4955 la.
225 4903 293 4957 leblt
310 4904 428 4957 casibus.
858 4892 912 4957 45)
934 4889 1002 4945 ῙΜ·
1022 4889 1175 4944 ΜῙίθῦῑῘῦ·

93 4974 183 5028 Ueber
211 4975 261 5027 das
281 4975 479 5045 Hauptgericbt
497 4991 530 5027 an
550 4973 711 5042 Kreuaberg
730 4988 781 5025 vor
858 4963 905 5019 161
926 4963 977 5016 La.
993 4965 1075 5017 initt-

78 5047 208 5111 rawerth,
227 5049 277 5100 aui
293 5047 425 5101 welebcm
446 5047 489 5101 die
509 5048 596 5100 Ritter
616 5046 670 5098 und
690 5045 782 5099 Schts·
858 5035 909 5100 47)
930 5032 982 5087 1⁴²·
995 5030 1220 5118 [Jussssldffillm

80 5118 120 5171 ler
139 5119 266 5173 Gerichte
286 5120 431 5173 unterhalb
460 5119 508 5173 der
527 5119 649 5187 Wupper
676 5132 782 5170 ausam·
859 5107 909 5169 48)
930 5103 980 5160 aa
1000 5111 1079 5161 min·

78 5196 164 5255 amn,
195 5208 218 5246 s.
242 5191 413 5244 earcomcm’s
437 5191 539 5244 Archiv
562 5189 646 5244 11111
678 5188 780 5256 (1831)
859 5179 909 5241 49)
932 5175 1345 5232 Lz.a1ium...0nssrvsre,

859 5252 910 5306 not
931 5248 983 5302 ra.
1001 5256 1115 5320 propter
1133 5250 1323 5305 haecomnia.

859 5322 909 5391 51)
930 5321 981 5378 La
1000 5323 1206 5394 persequimini.
1243 5348 1255 5383 ·.

1193 5462 1214 5493 Q
