3548 5826
357 278 422 351 ‘152
665 360 668 365 Ι
1086 272 1322 331 uenam-xmae.

358 437 404 498 ita
424 433 579 511 videlicet,
601 437 636 492 ut
655 434 788 511 quatuor
809 447 934 490 mansos
956 426 995 489 ad
1016 446 1089 488 usus
1111 447 1158 488 sa·
1199 434 1246 489 tes
1276 427 1388 490 tribuet
1416 430 1542 494 civitati.
1587 430 1656 493 Dua
1682 438 1771 513 stagn

361 518 496 580 cerdotis
518 515 584 577 doti
611 513 707 575 libere
729 512 878 591 tribuant,
900 512 1062 593 sexaginta
1082 530 1156 572 vero
1199 509 1309 573 rolzeu
1333 511 1442 574 damus
1464 515 1556 576 etiam
1574 516 1701 592 civitati,
1724 516 1773 595 qu'

360 619 486 663 mansos
509 599 578 659 aliis
600 597 683 658 illius
704 596 777 657 uilla
797 595 909 657 incolis
938 594 1075 656 dividant
1103 614 1156 654 ex·
1198 594 1370 656 reddituum
1393 596 1499 659 haberi
1521 600 1657 679 poterit,
1686 598 1758 660 inde

361 682 519 746 colendos.
563 680 629 741 Hec
656 678 730 740 villa
758 680 814 743 sub
837 678 917 740 civili
935 682 1006 758 Jure
1038 676 1157 739 sedebit
1198 676 1275 739 duaa
1297 687 1418 759 partes,
1450 683 1576 743 terciam
1599 690 1717 762 partem
1739 702 1774 763 p·-

359 767 522 844 solretque
549 763 686 825 redditus
714 763 840 825 civitati.
875 762 915 822 Et
949 760 1095 843 quidquid
1123 762 1155 820 in
1198 760 1332 823 datores.
1373 762 1477 826 lusula
1497 766 1640 846 quedam,
1665 784 1765 847 quep

359 850 419 912 hac
440 850 514 910 villa
529 852 561 909 et
580 849 660 908 iutra
680 848 756 907 istos
778 848 939 927 sexaginta
974 852 1005 906 et
1025 853 1157 924 quatuor
1197 845 1364 926 vulgariter
1381 866 1441 928 eyn
1464 849 1542 927 hals,
1564 848 1758 930 protenditur

360 951 485 994 mansos
509 930 549 991 ad
571 930 675 991 villam
703 931 891 1011 pertinentes
913 928 1052 989 utilitatis
1085 945 1155 989 csse
1197 930 1247 1007 qui
1271 939 1397 991 vocatur
1419 931 1559 1010 raddun,
1591 940 1623 993 et
1642 935 1737 993 intrat
1767 959 1773 985 ε

360 1017 495 1098 poterit,
530 1013 570 1074 ad
592 1033 679 1074 usum
702 1014 856 1093 pertineat
878 1013 1031 1092 civitatis,
1065 1018 1097 1071 et
1116 1010 1155 1072 de
1197 1010 1275 1089 dun,
1309 1013 1390 1074 hano
1416 1033 1485 1075 cum
1505 1015 1623 1076 'ceteris
1652 1015 1762 1077 insulis

360 1097 528 1161 redditibus
550 1097 639 1178 hujus
664 1096 736 1157 ville
758 1102 789 1158 st
810 1095 849 1157 de
870 1095 1018 1174 utilitate,
1040 1112 1101 1177 que
1123 1096 1154 1155 in
1197 1096 1227 1156 in
1250 1104 1361 1177 stagno
1383 1097 1501 1159 raddun
1524 1098 1632 1160 damus
1655 1101 1748 1161 etiam
1772 1126 1774 1151 ι

360 1185 429 1264 ipsa
449 1181 499 1242 rel
519 1183 600 1241 iutra
620 1181 756 1260 spacium
780 1181 880 1260 campi
914 1182 979 1259 ejus
1009 1196 1079 1238 esse
1102 1196 1155 1258 po·
1197 1178 1267 1258 quid
1301 1183 1331 1239 in
1363 1180 1421 1242 hiis
1458 1183 1565 1243 insulis
1597 1181 1738 1243 utilitatis

361 1266 451 1343 terit,
473 1264 565 1326 nichil
588 1263 676 1325 nobis
698 1263 867 1344 perveniet,
889 1261 943 1323 sed
965 1279 1066 1340 neque
1088 1261 1154 1321 fun-
1197 1263 1322 1323 terciam
1337 1272 1453 1343 partem
1476 1264 1562 1326 dabit
1582 1264 1774 1327 fundatorib

361 1347 517 1410 datoribus
540 1348 669 1407 civitatis
691 1345 762 1407 inde
784 1345 898 1425 aliquid
921 1344 1019 1407 cedet.
1049 1343 1155 1405 Eccle·
1196 1352 1243 1406 tes
1265 1345 1376 1407 tribuet
1397 1349 1526 1412 civitati.
1571 1348 1761 1411 Fundatorib

361 1433 437 1493 siam
462 1432 551 1512 hujus
573 1429 648 1493 ville
661 1448 723 1491 von
747 1429 893 1491 officiabit
913 1428 1062 1509 plebanus
1074 1427 1154 1488 dicte
1197 1429 1343 1490 hertatem
1366 1430 1500 1492 venandi
1534 1432 1678 1495 inbonis
1702 1434 1768 1493 suis

361 1516 514 1592 civitatis,
550 1512 605 1574 sed
640 1512 753 1574 habeat
773 1514 840 1594 ipsa
867 1512 941 1572 villa
961 1509 1153 1573 sacerdotem
1195 1513 1244 1572 uis
1261 1514 1403 1577 civitatis.
1446 1513 1599 1595 Quidquid
1621 1516 1651 1576 in
1676 1516 1774 1577 theat

362 1617 418 1678 per
452 1616 487 1658 se
519 1605 737 1677 pastoremque
778 1596 933 1677 proprium
973 1596 1153 1657 animarum.
1196 1595 1233 1655 lis
1253 1615 1382 1676 panum,
1404 1597 1591 1678 caleiorum,
1625 1601 1767 1660 carnium

361 1681 457 1762 Hujus
480 1679 610 1742 ecclesie
632 1678 814 1740 beneficium
835 1684 983 1759 perpetuo
1007 1679 1153 1759 porrigat,
1195 1681 1289 1759 precii
1311 1698 1379 1740 esse
1400 1683 1522 1761 poterit,
1545 1690 1577 1743 et
1597 1683 1623 1743 si
1645 1701 1709 1762 qua
1731 1684 1772 1744 al'

362 1766 545 1845 quicumque
565 1761 715 1843 prefectus
736 1763 827 1824 fuerit
847 1763 988 1824 civitatis.
1017 1761 1086 1822 latis
1108 1780 1154 1822 se·
1195 1780 1267 1823 case
1288 1762 1368 1823 facte
1389 1764 1510 1844 fuerint,
1533 1784 1592 1845 que
1613 1765 1753 1827 redditus

361 1848 491 1928 xaginta
521 1855 652 1927 quatuor
679 1847 793 1906 mansis
821 1845 860 1906 ad
881 1845 985 1905 villam
1007 1843 1155 1907 ordinatis
1197 1847 1261 1922 tati,
1284 1845 1323 1908 da
1344 1847 1485 1909 omnibus
1506 1850 1551 1909 eis
1573 1848 1772 1910 fundatoribu

361 1935 524 1992 remanent
555 1936 676 1989 centum
720 1937 751 1990 et
786 1928 988 2011 quadraginta
1025 1935 1156 2009 quatuor
1197 1928 1347 2011 solvetur,
1372 1929 1431 1991 due
1452 1939 1554 2011 partes
1575 1940 1741 1994 remanent
1768 1960 1774 1986 ι

361 2013 469 2091 mansi,
493 2011 531 2073 ds
553 2011 661 2092 quibus
679 2021 726 2074 est
737 2012 839 2074 taliter
849 2010 1062 2074 ordinandum.
1076 2009 1156 2086 Qua·
1197 2012 1392 2073 fundatorum
1415 2016 1472 2075 erit
1493 2017 1588 2076 tercia
1609 2035 1682 2096 pars
1704 2016 1746 2079 de

360 2103 432 2157 tuor
462 2114 586 2156 mansos
618 2104 650 2157 et
670 2104 793 2157 centum
822 2094 947 2157 habebit
967 2097 1075 2155 civitas
1098 2112 1154 2175 pro
1198 2095 1246 2157 eio
1270 2095 1427 2176 locorum,
1455 2115 1515 2178 qua
1535 2099 1565 2158 in
1588 2099 1718 2161 annuali
1736 2100 1772 2163 fo

362 2197 505 2240 mensura
526 2185 559 2240 et
579 2180 685 2260 spacio
700 2180 800 2261 campi
822 2180 879 2258 sui,
902 2178 1061 2257 exquibus
1084 2196 1154 2257 qua·
1197 2185 1243 2239 tes
1265 2188 1437 2260 occupant,
1469 2188 1500 2242 et
1522 2180 1598 2242 duas
1621 2188 1727 2262 partes
1762 2213 1769 2235 ι

362 2269 432 2323 tuor
457 2280 513 2342 pro
547 2261 620 2324 dote
643 2263 774 2324 ecclesis
803 2281 872 2324 esse
894 2262 1035 2323 volumus
1057 2279 1156 2322 sacer·
1199 2260 1250 2322 bit
1274 2262 1414 2323 Sedecim
1438 2266 1526 2325 annis
1548 2264 1677 2327 habebit
1696 2264 1758 2329 bac

363 2344 462 2426 dotis,
497 2345 700 2427 quadraginta
734 2353 835 2408 autam
859 2345 956 2406 mansi
984 2344 1093 2489 reliqui
1116 2343 1155 2405 ad
1198 2351 1308 2424 tatem3
1329 2365 1420 2425 quam
1444 2346 1495 2407 diu
1516 2348 1576 2409 boc
1598 2350 1772 2431 tempusli·

362 2447 455 2510 agros
482 2447 640 2509 arearum,
674 2430 756 2509 quod
785 2436 833 2490 est
853 2428 1020 2511 vulgariter
1061 2429 1154 2489 ictum
1197 2430 1284 2510 verit,
1305 2430 1395 2490 tollet
1412 2431 1528 2509 civitas,
1551 2438 1585 2491 ut
1606 2439 1694 2495 tanto
1706 2434 1768 2494 mel

362 2511 535 2573 wordelant
548 2511 589 2591 ²),
612 2520 716 2574 essent
738 2511 908 2575 ordinandi.
952 2510 1012 2572 Sed
1036 2519 1070 2573 ut
1090 2530 1155 2573 om·
1197 2511 1264 2589 det,
1291 2510 1367 2573 duas
1389 2522 1490 2594 partes
1513 2514 1552 2575 de
1573 2518 1661 2576 omni
1685 2536 1772 2577 caus

365 2597 532 2677 nipotentis
568 2595 617 2657 dei
644 2596 711 2657 laus
740 2603 772 2657 et
792 2596 891 2678 gloria
913 2594 1084 2675 examplius
1107 2614 1155 2655 cu·
1197 2593 1375 2656 fundatores
1408 2599 1532 2658 terciam
1555 2606 1674 2678 partem
1699 2620 1767 2660 sum

362 2677 514 2756 muletur,
547 2698 586 2741 ex
608 2680 725 2741 eisdem
747 2682 828 2761 agris
850 2678 1002 2740 sacerdoti
1025 2679 1155 2740 civitatis
1197 2686 1335 2759 tempore
1357 2679 1504 2741 libertatis
1531 2680 1591 2741 due
1616 2684 1677 2744 iste
1705 2704 1774 2764 par

361 2764 469 2824 itemm
492 2770 624 2842 quatuor
640 2782 764 2825 mansos
787 2763 917 2841 damus,
940 2770 973 2822 ut
993 2781 1048 2842 pro
1071 2761 1154 2823 dono
1197 2780 1268 2821 usus
1290 2770 1431 2840 nostros,
1453 2763 1507 2824 sed
1530 2764 1746 2828 fundatoribus

361 2848 489 2908 istorum
521 2846 561 2907 ad
590 2848 713 2908 missam
737 2846 947 2909 matutinalem
972 2844 1155 2905 servandam
1197 2847 1245 2905 aia
1276 2845 1454 2907 remanebit.
1498 2848 1609 2909 lterum
1654 2856 1774 2911 transa

363 2937 512 3011 perpetuo
536 2932 575 2991 sit
596 2932 759 3010 astrictus,
791 2929 964 3009 habeatque
985 2930 1061 2989 istos
1084 2947 1154 3008 qua·
1197 2936 1335 3009 tempore
1363 2938 1423 2990 tres
1454 2931 1572 2993 solidos
1599 2930 1763 2995 brandcnb

361 3022 432 3074 tuor
452 3032 576 3074 mansos
599 3013 743 3075 sacerdos
767 3032 834 3073 cum
857 3011 1008 3094 prioribus
1027 3019 1157 3092 quatuor
1196 3019 1268 3072 vent
1299 3012 1401 3073 incole
1428 3014 1559 3073 civitatis
1588 3013 1627 3075 de
1662 3017 1771 3095 quolib

362 3097 476 3157 mansis
511 3106 660 3177 perpetua
682 3096 830 3158 libertate.
873 3095 1026 3175 Quidquid
1054 3096 1086 3155 in
1109 3115 1155 3154 su·
1197 3095 1255 3154 hiis
1277 3102 1414 3171 centum,
1441 3098 1492 3176 qui
1519 3096 1557 3157 ad
1581 3116 1769 3182 campump

361 3179 508 3261 predictis
530 3182 610 3260 egris
624 3179 774 3253 omnibus,
797 3180 858 3240 boc
879 3188 927 3240 est
948 3179 1062 3239 tamin
1075 3180 1155 3259 agris
1198 3179 1278 3256 tatis,
1300 3197 1339 3239 ex
1361 3179 1421 3241 hoc
1443 3199 1535 3240 censu
1559 3180 1619 3241 due
1641 3192 1774 3262 partes·

364 3263 587 3345 pertinentibus
622 3262 661 3324 ad
690 3283 861 3324 mensuram
895 3264 995 3343 campi
1025 3263 1156 3322 civitatis
1197 3263 1290 3322 tercia
1311 3281 1382 3342 pars
1416 3262 1456 3322 ad
1478 3282 1586 3324 manus
1619 3268 1761 3328 transeat

361 3364 452 3427 quam
474 3347 505 3406 in
529 3347 772 3428 agriramamm,
794 3346 932 3407 utilitatis
955 3344 1087 3406 ordinari
1101 3364 1154 3426 po·
1197 3344 1264 3406 Due
1286 3352 1388 3425 partes
1410 3345 1579 3407 reddituum
1602 3347 1642 3409 de
1661 3352 1746 3430 agris

362 3431 441 3506 terit,
464 3431 588 3490 terciam
601 3439 719 3510 partem
733 3428 944 3491 fundatoribus
962 3428 1056 3506 dabit,
1078 3427 1154 3489 duas
1195 3435 1270 3489 nent
1291 3429 1419 3505 civitati,
1442 3432 1566 3490 terciam
1591 3440 1712 3511 partem
1735 3456 1774 3515 p·.

359 3521 463 3594 partas
487 3513 599 3574 tribuet
619 3515 744 3575 civitati.
770 3513 838 3573 Hoc
860 3521 961 3573 tamen
974 3513 1153 3592 excipimus,
1196 3510 1329 3572 datores.
1373 3512 1484 3592 Insula,
1508 3532 1567 3593 que
1588 3515 1683 3576 intrat
1706 3527 1774 3578 sta

358 3595 440 3677 quod
472 3595 554 3657 dicte
582 3597 713 3657 civitatis
744 3597 922 3657 fundatores
946 3597 1028 3656 intra
1049 3597 1152 3656 civita
1194 3613 1254 3674 que
1286 3597 1409 3676 proprie
1442 3596 1551 3657 dicitur
1589 3599 1712 3679 vulgari
1746 3623 1774 3661 vr

357 3686 418 3742 tem
441 3678 490 3740 vel
512 3686 600 3740 extra
619 3681 650 3741 in
673 3681 763 3761 agris,
787 3699 864 3760 quos
877 3679 1015 3740 dedimus
1028 3680 1152 3758 civitati,
1194 3678 1277 3757 hals,
1305 3678 1500 3740 fundatorum
1521 3683 1561 3742 sit
1582 3690 1613 3742 et
1633 3683 1666 3742 in
1689 3703 1729 3745 ea
1748 3705 1768 3746 n

356 3763 529 3843 ubicunque
550 3763 712 3843 voluerint,
730 3763 791 3825 dno
813 3764 884 3824 loca
904 3762 1150 3824 molendinorum
1195 3763 1264 3822 tatis
1287 3771 1425 3823 remanet
1447 3764 1593 3824 civitati.“

356 3846 480 3927 eligent,
497 3848 527 3906 in
544 3845 652 3927 quibus
667 3846 845 3908 molendina
856 3854 1044 3926 construent,
1060 3855 1151 3926 prout
1274 3845 1360 3905 Nach
1389 3846 1496 3908 diesen
1524 3847 1691 3928 cigentlich
1714 3857 1774 3910 sta

356 3929 414 3991 sibi
434 3931 609 4010 putaverint
630 3930 796 4012 expedire,
832 3929 871 3990 de
903 3929 1011 4010 quibus
1034 3930 1149 3991 civitati
1191 3927 1423 4009 Anordnungen
1460 3929 1537 3989 wird
1559 3930 1641 3991 dana
1672 3931 1734 3994 den
1765 3960 1771 3988 ι

357 4012 450 4074 nichil
473 4015 648 4094 perveniet,
678 4013 732 4076 sed
762 4032 830 4074 cum
861 4014 944 4074 omni
967 4014 1065 4073 fructu
1087 4021 1148 4073 tam
1191 4010 1264 4072 dero
1280 4012 1459 4073 sowohlals
1474 4014 1533 4074 wie
1554 4014 1774 4097 denjenigeni

350 4099 421 4178 jure
442 4095 627 4158 hereditario
640 4116 730 4177 quam
745 4096 861 4158 feodali
881 4098 949 4178 ipsa
971 4095 1149 4158 molendina
1190 4095 1308 4156 welche
1330 4096 1421 4157 ihuen
1444 4097 1475 4156 in
1498 4097 1548 4158 die
1569 4118 1649 4159 neue
1666 4099 1742 4160 Stad
1764 4127 1768 4153 =

355 4179 536 4261 possideant
555 4179 743 4243 fundatores.
773 4180 805 4241 Si
826 4180 928 4261 aliqua
948 4179 1010 4241 alia
1032 4180 1148 4241 molen·
1188 4178 1332 4254 wardan,
1361 4179 1542 4241 reichliobes
1565 4181 1766 4244 Grundbesi

356 4263 428 4325 diua
463 4265 598 4324 construi
629 4270 774 4346 poterunt
794 4265 825 4324 in
848 4266 972 4325 civitate
993 4263 1042 4324 vel
1060 4271 1148 4324 extra
1188 4259 1373 4345 Umgebung
1395 4282 1454 4324 ron
1477 4264 1674 4327 Arenscrooe
1696 4286 1769 4349 aug·

356 4348 526 4427 civitatem,
555 4346 628 4409 inde
649 4349 774 4411 terciam
797 4354 915 4428 partem
937 4353 1058 4409 sument
1079 4346 1147 4409 fun·
1189 4344 1244 4406 das
1264 4345 1392 4409 Gleiehe
1408 4350 1503 4427 jenen
1526 4348 1685 4411 Personen
1719 4353 1750 4411 in

357 4430 500 4506 datores,
535 4431 642 4492 civitas
663 4430 776 4493 lrabeat
797 4438 900 4513 partes
921 4430 1006 4492 duas.
1032 4431 1147 4492 Damus
1189 4428 1287 4506 stelit,
1311 4428 1360 4490 die
1381 4448 1435 4490 aus
1458 4430 1528 4491 dem
1553 4432 1774 4496 Brandeubur

355 4515 447 4576 etiam
469 4514 540 4574 huic
562 4515 679 4577 civitati
707 4513 746 4577 ad
790 4533 884 4576 ascua
909 4533 1056 4596 pecorum
1079 4534 1147 4578 suo·
1188 4512 1241 4572 bin
1263 4511 1454 4574 ubersiedcln
1472 4515 1610 4595 wollteu,
1633 4537 1693 4579 nur
1715 4517 1771 4578 das

355 4617 421 4658 rum
444 4597 546 4658 locum
568 4597 669 4676 castri,
691 4600 744 4679 qui
765 4535 875 4660 dicitur
892 4598 1033 4677 Doberin,
1055 4604 1086 4659 et
1108 4599 1147 4661 ab
1189 4595 1395 4677 Fortleistung
1415 4598 1496 4659 ihrer
1517 4608 1738 4676 „consuetase
1762 4629 1766 4639 ¹

353 4681 567 4763 ipsoDoberiu
589 4701 644 4762 per
665 4682 822 4743 circuitum
846 4681 1002 4743 dimidium
1021 4682 1148 4763 miliare,
1190 4678 1482 4742 Laudesherrschaft
1509 4702 1563 4743 aur
1591 4683 1702 4746 Pilioht
1730 4704 1770 4768 ge

356 4764 500 4845 quidquid
532 4765 613 4826 intra
643 4766 703 4829 hoc
737 4768 872 4846 spacium
909 4765 1047 4828 utilitatis
1080 4786 1149 4829 esse
1190 4763 1377 4825 Auseerdem
1400 4765 1499 4826 solleu
1523 4765 1573 4827 die
1597 4767 1765 4831 beidend

355 4850 486 4929 poterit,
521 4848 601 4910 unde
629 4859 735 4930 pactus
758 4860 811 4910 aut
837 4869 946 4912 census
975 4853 1148 4931 proveniat,
1190 4853 1246 4929 „ut
1266 4865 1320 4909 eos
1344 4849 1442 4909 miuus
1471 4855 1584 4910 terreat
1605 4851 1768 4915 fundation

354 4933 479 4994 terciam
492 4939 610 5013 partem
632 4933 843 4996 fundatoribus
865 4934 975 5015 solvet,
993 4934 1068 4998 duas
1082 4955 1148 5017 par-
1189 4933 1323 5077 qawisae
1350 4933 1506 4993 ueitweise
1529 4934 1735 5018 Befreiungeu

1212 5035 1246 5080 cr
1265 5015 1358 5077 ihnen
1381 5035 1417 5077 zu
1441 5012 1548 5078 Leheu
1570 5020 1755 5102 gegebenen

1190 5097 1380 5180 radesdorp“
1416 5100 1619 5181 (Ghursdorf)
1648 5105 1713 5166 und
1746 5150 1764 5186 ‚‚

388 5208 419 5274 2)
439 5210 530 5265 Ueber
546 5215 664 5281 ‚,rrord“
677 5230 698 5270 s.
712 5216 879 5284 mammam,
894 5211 964 5269 Gan·
983 5214 1039 5269 nod
1059 5217 1150 5270 mark·
1194 5182 1429 5281 (flssgenbefgh
1446 5186 1626 5265 8⁰⁰i⁰⁸³⁰⁰r
1654 5189 1720 5250 und
1751 5209 1770 5250 ¹¹

354 5283 632 5352 rorrrssungaaar;
652 5287 1150 5361 tomerealtagnreraSaehrenrp„
1192 5267 1242 5329 dre
1271 5268 1382 5330 darauf
1405 5267 1565 5330 sutaenden
1587 5270 1774 5335 Unterthan

353 5351 699 5424 tandar18ttttdt503.
1191 5351 1270 5415 eben
1303 5370 1339 5415 so
1368 5351 1461 5434 lange
1489 5352 1614 5416 dienst·
1646 5356 1713 5419 und
1747 5384 1774 5410 υ
