3548 5826
645 299 740 354 aaran
760 330 795 341 -
814 303 969 362 aurnuns.
1561 297 1622 367 101

78 471 136 529 sen,
160 450 237 513 blos
262 452 297 513 in
321 452 522 515 bestimmten
544 453 710 536 wichtigen
723 455 785 518 An·
828 458 945 541 Burger
964 479 1026 520 von
1048 458 1255 537 auswdrtigen
1277 455 1453 537 Gerichten,
1475 457 1536 518 und
1558 477 1622 519 ver·

78 534 216 609 nbeiten,
247 535 295 596 da
323 536 377 599 die
399 536 531 619 Bildung
553 538 607 599 des
629 539 784 621 „viilligen
826 544 942 622 sprioht
961 542 1110 622 augleioh,
1131 539 1263 601 niemals
1287 539 1446 601 innerhalb
1471 540 1525 600 der
1536 541 1624 602 Stadt

78 621 96 652 “
118 619 339 680 erforderlich
363 621 530 699 erscheint,
552 621 783 704 hinzugezogeu
825 626 896 687 eine
916 627 999 705 Bnrg
1020 624 1095 686 oder
1113 623 1311 702 Belestigung
1332 643 1369 682 nu
1391 623 1539 683 erbauen:

101 702 170 763 Der
201 703 350 784 j‘abrlieh
384 703 562 765 abtretende
593 704 782 768 Schultheiss
906 709 1076 787 „Noverint
1102 707 1233 766 universi
1264 713 1422 785 presentes
1450 707 1552 767 literas
1578 708 1621 768 in·

78 785 237 866 librigens
269 786 330 847 der
353 787 578 848 Stellvertreter
604 789 704 849 seines
730 810 781 870 ge·
824 794 967 872 spectari,
991 791 1072 872 quod
1096 809 1152 851 nos
1175 788 1348 850 Ludovieus
1370 791 1542 867 Romanus,
1571 790 1620 852 dei

78 868 344 950 uNaebsolgers
360 872 402 930 irn
414 871 504 931 Amte
526 870 588 931 und
609 872 690 932 fllhrt
711 872 781 933 dar·
823 877 923 955 gratia
934 874 1236 954 Brandenburgensis
1260 872 1395 933 marchio
1418 882 1486 953 ete,
1509 874 1620 935 discre-

78 972 96 1012 n
127 952 220 1013 Titel
246 953 481 1031 „Statthalter“.
530 955 645 1015 Ausser
665 955 781 1017 diesem
824 967 922 1018 torum
935 960 1068 1019 virorum
1091 956 1251 1016 consulum
1266 963 1298 1016 et
1315 957 1525 1017 universorum
1549 959 1619 1019 civi-

78 1055 91 1094 n
116 1035 317 1097 Stadtrathe
340 1036 494 1118 begegnet
516 1037 597 1098 daun
624 1038 704 1099 noch
728 1039 782 1101 mit
823 1042 892 1101 tatis
919 1049 1023 1102 nostre
1045 1038 1310 1100 Bereuwaldensis
1332 1040 1457 1117 civium,
1484 1038 1619 1102 fidelium

78 1119 249 1180 tnkterem
287 1119 559 1201 Wirkungakreise
587 1121 642 1181 das
675 1122 780 1182 Vier·
822 1133 994 1186 nostrorum
1017 1124 1209 1199 dilectorum,
1232 1122 1456 1202 perpendentes
1473 1123 1619 1204 inopiam,

78 1201 339 1284 >Collegium
357 1202 434 1264 oder
444 1202 498 1264 der
513 1223 653 1284 grosse
666 1205 779 1280 Rath,
822 1206 860 1267 ad
887 1207 1017 1268 eandem
1044 1205 1244 1289 presentibus.
1264 1216 1295 1266 et
1321 1208 1427 1267 futuris
1450 1205 1618 1268 tollendam

81 1286 134 1345 als
172 1284 291 1346 bloses
312 1286 547 1368 Mitwahlorgan
576 1286 625 1348 bei
647 1287 701 1348 der
724 1289 778 1349 Be·
821 1292 950 1370 gratiam
972 1291 1098 1351 facimus
1111 1311 1167 1369 per
1177 1297 1350 1368 presentes,
1373 1289 1456 1370 quod
1472 1289 1617 1370 deinceps

78 1390 86 1448 ς
106 1368 173 1429 des
185 1368 528 1430 Schultheissen-Amts
542 1370 595 1430 der
605 1371 778 1432 Aussehnss
820 1372 908 1434 nobis
931 1382 963 1434 et
983 1374 1095 1433 nostris
1116 1371 1279 1433 heredibus
1306 1374 1337 1433 in
1360 1393 1462 1433 annua
1482 1373 1617 1452 ipsorum

86 1452 276 1533 chaiger.
306 1453 378 1513 Von
394 1452 778 1534 Communal-Bedieustig·
819 1458 979 1536 pensione,
1001 1457 1145 1536 precariis
1159 1463 1190 1516 et
1211 1456 1294 1516 omni
1307 1457 1432 1517 servitio
1455 1456 1497 1517 nil
1520 1459 1617 1538 magis

78 1535 177 1596 rrden
208 1534 291 1596 aber
311 1536 390 1596 zwei
413 1535 542 1613 Weibel,
569 1537 618 1597 eiu
640 1537 778 1598 Boumei·
819 1559 911 1619 quarn
938 1541 1061 1620 triginta
1088 1547 1219 1620 quatuor
1245 1559 1362 1601 marcas
1384 1543 1502 1620 argenti
1524 1543 1616 1601 Bran·

78 1617 104 1678 ,(1
131 1620 192 1679 ein
204 1617 450 1680 Stichelmeister
470 1620 618 1681 erwlthnt.
648 1620 777 1681 Endlich
820 1621 1039 1704 denbnrgensis
1062 1624 1188 1703 singulis
1207 1625 1295 1685 annis
1312 1623 1475 1703 debebunt,
1498 1625 1553 1686 sed
1574 1624 1616 1685 di-

78 1702 201 1762 ltisehe
212 1701 777 1780 Gedohtsbarheitwelchesichanch
819 1708 937 1767 stinetis
961 1706 1162 1787 temporibus,
1190 1707 1333 1768 videlieet
1359 1707 1465 1768 decem
1492 1713 1523 1770 et
1548 1729 1616 1789 sep·

78 1785 208 1845 aDori
218 1785 579 1862 Ennethaden(„baden
597 1786 776 1866 zemdorle,
820 1798 880 1849 tem
911 1791 941 1850 in
972 1791 1050 1851 testo
1079 1790 1170 1850 beate
1197 1788 1374 1872 Walpurgis
1403 1799 1434 1850 et
1457 1790 1562 1852 decem
1586 1800 1617 1854 et

100 1867 184 1929 dem
209 1867 372 1928 Sickental
398 1868 468 1950 lir‘)
492 1869 650 1948 erstreclrt,
683 1869 777 1930 hand·
818 1879 937 1952 septem
965 1875 995 1933 in
1029 1875 1107 1934 festo
1141 1873 1222 1934 beati
1251 1874 1371 1936 Martini
1403 1874 1524 1935 solvere
1550 1876 1616 1936 sive

78 1950 224 2013 benfalls
253 1950 310 2011 der
332 1951 520 2013 Schulthsiss
547 1954 602 2013 mit
622 1952 694 2013 acht
721 1973 776 2013 aus
818 1955 901 2016 dure.
930 1956 1094 2017 Debebunt
1114 1975 1237 2036 quoqne
1255 1959 1338 2018 cives
1359 1958 1472 2035 curias,
1504 1958 1615 2020 domos

78 2035 504 2116 rtbskorpergenommenen
518 2035 687 2097 Urtheileru
701 2035 777 2097 oder
818 2048 849 2099 et
882 2041 1071 2100 mansionem
1101 2041 1293 2119 corporalem
1316 2041 1429 2102 ibidem
1455 2041 1615 2119 habentes,

78 2138 118 2180 n.
175 2117 488 2199 Berulnngs·1nstanz
515 2120 555 2179 ist
575 2117 691 2200 jedoeh
717 2119 772 2179 das
816 2141 836 2181 a
864 2124 988 2183 civitate
1018 2129 1123 2183 nostra
1144 2122 1235 2204 Nova
1265 2123 1463 2203 Laudesperg
1476 2124 1614 2185 Wartam

78 2201 340 2283 ger-Collegium,
377 2221 468 2262 wenn
504 2202 568 2262 sich
597 2202 688 2263 'nicht
723 2203 773 2263 die
815 2214 846 2266 et
877 2204 1009 2266 Odorem
1031 2205 1249 2268 descendendo
1281 2216 1313 2269 et
1342 2205 1539 2268 ascendendo
1574 2207 1614 2268 ad

87 2306 147 2345 aur
175 2283 382 2344 Jurisdictiou
409 2284 463 2345 des
489 2286 773 2363 osterreichischen,
815 2288 984 2368 predictam
1006 2291 1169 2367 civitatem,
1185 2289 1224 2350 de
1242 2290 1382 2352 omnibus
1397 2291 1614 2368 mercimoniis,

78 2377 181 2449 puter
207 2367 264 2428 des
296 2387 358 2428 von
386 2368 445 2429 den
472 2369 543 2429 aoht
568 2369 651 2430 alten
678 2369 773 2430 Orten
815 2391 875 2451 que
906 2372 1049 2433 duxerint
1070 2372 1221 2453 undique,
1251 2376 1318 2435 fore
1344 2374 1432 2434 liberi
1460 2373 1499 2434 ab
1530 2376 1613 2435 omni

78 2449 264 2534 dgenossen
288 2456 447 2533 gesetzteu
464 2451 640 2534 Landvogts
662 2453 773 2533 eignen
816 2456 944 2517 thelonii
964 2455 1099 2518 datione.
1128 2456 1332 2518 Nihilominus
1354 2475 1537 2538 quocunque
1558 2477 1614 2537 per

110 2535 185 2617 Vgl.
215 2537 307 2596 Weltr'
327 2553 356 2596 a.
378 2555 406 2595 a.
429 2534 465 2598 Ο.
487 2535 517 2598 Β.
538 2533 685 2606 76-81.,
818 2545 913 2600 terras
943 2546 1064 2601 nostras
1084 2543 1289 2620 perrexerint,
1321 2541 1430 2601 eadem
1459 2538 1614 2601 debebunt

817 2623 930 2702 pertrui
959 2623 1108 2684 libertate.
1162 2624 1310 2686 Pol-erunt
1336 2625 1429 2685 etiam
1455 2623 1486 2682 in
1513 2624 1613 2702 metis,

289 2715 467 2784 Bmgldg
818 2707 953 2766 terminis
976 2727 1030 2768 seu
1052 2707 1297 2770 distinctionibus
1319 2708 1381 2768 suis
1403 2705 1442 2767 de
1464 2725 1546 2767 novo
1569 2706 1613 2767 lo·

817 2808 897 2866 care,
906 2789 1032 2851 fundare
1039 2797 1227 2869 construere,
1240 2790 1383 2852 edificare
1394 2788 1612 2867 molendinum,

817 2871 944 2933 liberum
961 2873 1000 2934 ab
1022 2875 1105 2933 omni
1122 2881 1213 2954 pactu
1235 2881 1288 2935 aut
1309 2874 1456 2954 precaria,
1477 2872 1507 2930 in
1525 2872 1611 2951 aquis

78 2961 151 3037 HS,
181 2958 243 3018 Juli
277 2961 325 3022 15.
368 2957 521 3039 lllarkgral
553 2958 708 3040 Ludwig
735 2980 772 3020 zu
816 2958 1107 3037 autcampisnostro
1121 2957 1273 3020 benevolo
1290 2957 1328 3018 de
1351 2974 1611 3033 cousensu,quem

78 3041 195 3122 enhnrg
216 3041 372 3122 gewahrt
403 3040 461 3102 den
497 3042 633 3123 Bdrgern
672 3044 774 3103 seiner
813 3040 912 3117 ipsum
934 3041 1082 3120 gratuiter
1098 3040 1289 3119 presentibus
1312 3039 1484 3119 elargimur.
1513 3036 1610 3098 Debe-

78 3124 244 3186 smerde
261 3124 332 3184 eine
347 3123 526 3205 lliuderung
542 3145 630 3202 „erer
647 3127 771 3186 rechten
815 3120 889 3181 bunt
902 3130 990 3183 extra
1004 3123 1158 3183 civitatem
1176 3131 1207 3183 et
1223 3124 1304 3183 dicte
1320 3123 1451 3182 civitatis
1461 3119 1609 3200 judicium

78 3229 98 3268 n
121 3208 248 3288 plege“.
278 3209 395 3284 areret,
422 3206 499 3270 cod.
521 3207 593 3288 dipl.
615 3210 772 3271 Branden·
814 3204 986 3265 nullatenus
1021 3204 1098 3265 trahi
1130 3206 1272 3267 consules
1307 3207 1373 3265 sive
1409 3206 1508 3281 cives,
1551 3204 1609 3264 uisi

78 3290 201 3371 llptthl.
223 3290 238 3350 I
259 3289 316 3350 Bd.
339 3289 417 3352 XIX.
439 3289 469 3351 S.
496 3291 540 3355 16.
815 3306 959 3349 excessus
975 3289 1201 3349 committerent
1214 3288 1382 3364 evidenter,
1405 3288 1457 3366 qui
1472 3285 1612 3347 dieantur

78 3378 103 3453 t,
125 3374 198 3434 Jan.
213 3379 238 3437 l.
266 3373 415 3435 Derselbe
435 3373 544 3435 befreit
563 3374 613 3434 die
629 3374 772 3434 Einwoh-
815 3370 991 3431 handhallte
1012 3371 1086 3431 that.
1119 3371 1151 3433 Si
1163 3391 1236 3433 vero
1250 3372 1317 3452 quis
1332 3369 1475 3431 consules
1496 3369 1610 3431 ibidem

78 3456 231 3518 uwalde's
248 3475 309 3517 von
322 3455 558 3518 Hendelszbllen
574 3459 605 3518 iu
622 3457 682 3518 den
696 3466 771 3518 mitr-
814 3455 961 3533 impetere
982 3453 1076 3514 vellet
1097 3456 1148 3515 via
1163 3457 1251 3534 juris,
1274 3455 1299 3514 is
1322 3455 1406 3532 ipsos
1430 3452 1557 3513 deberet
1576 3455 1608 3513 in

78 3560 96 3600 n
133 3539 261 3600 landen
289 3573 327 3583 —
355 3539 456 3619 „quod
485 3541 628 3601 consules
656 3549 688 3601 et
708 3542 771 3600 uni·
813 3544 919 3597 nostra
946 3538 1029 3597 curia
1056 3539 1230 3598 convenire.
1274 3536 1415 3597 Ceterum
1444 3536 1518 3616 ipsis
1540 3556 1608 3615 pro-

78 3643 99 3683 s
121 3623 257 3683 eivitatis
280 3621 416 3684 Berwolt
435 3642 472 3683 ac
493 3625 590 3684 eciam
612 3623 722 3705 singuli
740 3625 770 3683 in
813 3621 969 3698 mittimus,
986 3619 1069 3699 quod
1091 3640 1153 3681 non
1177 3620 1355 3682 debebimus
1383 3620 1491 3699 quovis
1515 3619 1608 3680 modo

112 3707 241 3766 civitate
274 3709 465 3768 mansionem
503 3705 649 3767 facientes
684 3707 770 3767 cotti·
811 3706 841 3764 in
865 3703 946 3763 dicta
970 3705 1094 3764 civitate
1114 3703 1298 3765 Berenwold
1326 3701 1452 3783 aliquod
1476 3710 1608 3762 castrum

78 3808 171 3849 naeu
195 3788 380 3851 hereditates
401 3788 686 3852 habentes...cum
707 3790 770 3849 suia
812 3808 866 3848 seu
897 3787 1101 3846 municionem
1130 3788 1249 3866 lacere,
1288 3785 1440 3848 conticere
1466 3804 1520 3846 seu
1542 3784 1608 3845 fleri

78 3873 182 3932 noniis
212 3880 325 3933 terram
356 3871 488 3933 Marehie
522 3873 588 3933 sine
609 3871 772 3953 cujuslibet
813 3871 996 3951 permittere.
1044 3869 1085 3931 Ut
1112 3879 1214 3931 autern
1242 3871 1300 3931 heo
1327 3871 1431 3932 omnia
1458 3868 1609 3948 promissa

78 3955 105 4015 ei
135 3953 268 4016 dacione
299 3958 426 4017 transire
448 3957 617 4035 potuerint,
646 3957 771 4034 quocies
812 3953 976 4034 sepedictis
1004 3952 1180 4014 oonsulibus
1208 3960 1239 4014 et
1270 3954 1385 4014 civibus
1414 3951 1605 4031 presentibus

78 4039 171 4098 risum
192 4038 282 4099 fuerit
309 4040 523 4119 oportunum.“
567 4039 674 4099 Biedel
693 4058 721 4099 a
743 4057 771 4098 a.
813 4048 844 4097 et
869 4036 976 4096 futuris
1004 4054 1059 4115 per
1088 4056 1144 4097 nos
1177 4044 1208 4097 et
1235 4044 1358 4097 nostros
1387 4033 1515 4095 heredes
1541 4043 1608 4094 rata

83 4124 134 4184 17.
814 4130 1026 4200 perseverent,
1055 4128 1214 4199 presentes
1240 4119 1305 4179 lieri
1334 4126 1365 4178 et
1392 4120 1488 4178 nostri
1517 4115 1608 4195 sigilli

78 4206 147 4281 150,
169 4203 248 4266 Nou.
274 4208 321 4267 11.
358 4204 515 4285 Markgraf
531 4203 686 4284 Ludwig
708 4202 773 4263 der
815 4203 1130 4282 muniminejussimus
1147 4203 1335 4263 communiri.
1368 4201 1521 4277 (Testes.)
1551 4199 1608 4258 Da-

78 4308 103 4348 =r
132 4287 255 4347 ertheilt
289 4286 347 4347 den
382 4288 518 4368 Burgern
546 4308 584 4347 nu
611 4285 772 4347 Bdrwalde
815 4295 876 4347 lum
899 4288 929 4346 iu
947 4285 1148 4366 Kuugaperg,
1168 4286 1260 4345 Anno
1284 4284 1406 4345 Domini
1427 4279 1607 4357 M⁰CGG⁰L⁰,

78 4369 252 4451 sicherung,
276 4371 321 4431 sie
342 4370 392 4448 „iu
414 4370 555 4431 omnibus
571 4369 771 4447 libertatibus,
812 4373 843 4431 in
856 4368 998 4430 diebeati
1011 4368 1322 4450 AndreeApostoli.“
1344 4367 1449 4427 aieret
1469 4384 1496 4425 a.
1519 4384 1547 4424 a.
1571 4361 1607 4424 O.

78 4471 136 4512 rac
149 4454 329 4533 approbatis
346 4452 635 4514 consuetudinibus“
649 4452 771 4514 bewah-
814 4453 844 4514 S.
867 4457 919 4530 20,
939 4455 990 4515 21.

91 4535 221 4597 wolleu.
244 4539 349 4598 Riedel
368 4557 396 4597 a
418 4556 445 4596 a.
468 4535 502 4600 0.
527 4535 557 4597 S.
581 4539 630 4600 19.
897 4537 991 4613 1351,
1025 4533 1092 4594 Oet.
1121 4537 1150 4597 9.
1199 4532 1344 4593 Derselbe
1372 4529 1521 4626 bcwilligt
1553 4524 1644 4590 der5

78 4617 292 4689 Ellendt).
312 4617 772 4680 Derselbeverleihtundbezie·
814 4617 901 4680 Stadt
924 4616 1085 4679 Barwalde
1111 4618 1180 4678 eine
1201 4615 1432 4693 Idrleiehternng
1458 4633 1488 4672 1n
1509 4612 1606 4672 Anse-

78 4702 167 4762 reise
179 4701 326 4783 beatatigt
335 4702 404 4763 dem
416 4704 515 4764 Rathe
527 4701 589 4762 und
605 4701 660 4763 der
672 4699 770 4762 sunt
813 4703 896 4782 hung
913 4701 967 4763 der
990 4701 1097 4778 „accio
1120 4707 1151 4760 et
1170 4699 1279 4780 pensio
1302 4697 1433 4758 annua.“
1456 4696 1559 4756 Riedel
1578 4714 1606 4755 a.

78 4784 133 4846 nde
146 4785 311 4847 Barwalde
327 4784 654 4868 a)Ermtssigungder
669 4785 770 4866 Abga·
812 4804 840 4846 a.
862 4785 898 4846 Ο.
922 4785 953 4846 S.
976 4787 1026 4848 22.

78 4866 770 4952 )Zollrreiheitunihreaufderwartheund
895 4870 990 4946 1352,
1021 4867 1138 4929 1612.
1188 4863 1336 4926 Derselbe
1358 4861 1525 4923 condrnrirt
1545 4855 1643 4922 den6

78 4953 229 5014 rwiscben
246 4951 510 5034 Neu-Landsberg
532 4951 595 5013 und
608 4951 769 5012 Btrwalde
810 4951 946 5033 Burgern
985 4971 1048 5012 von
1089 4948 1251 5010 Barwalde
1287 4946 1352 5005 ihre
1388 4941 1504 5005 Rechts
1545 4942 1607 5005 und

78 5035 130 5099 len
152 5034 413 5112 Handelaartikel,
435 5036 533 5098 aowie
554 5034 724 5115 uberhaupt
738 5035 769 5094 in
811 5035 992 5095 Freiheiten.
1034 5034 1140 5094 Riedel
1159 5051 1186 5092 a.
1210 5051 1237 5091 a.
1260 5029 1295 5090 0.
1319 5028 1349 5089 S.
1371 5032 1419 5092 25.

78 5128 240 5182 ammten
249 5118 502 5200 markgrtiliohen
511 5119 658 5197 Gebiete3
676 5123 710 5192 c)
720 5116 771 5179 die
895 5120 989 5197 1356,
1016 5117 1093 5196 Aug.
1120 5113 1166 5180 17.
1207 5112 1356 5174 Derselbe
1382 5118 1524 5172 erneuert
1551 5105 1642 5172 das?

232 2838 372 2887 (Pronnaea,
392 2834 519 2888 xeumark.)

78 5206 128 5267 risa
145 5224 201 5265 aur
212 5202 601 5346 Anleguugeinerllluhle,
623 5221 684 5262 von
698 5201 770 5261 wel·
811 5194 1606 5281 Zollbeireiungs-PrivilegderStadtBtrwaldevom

78 5288 248 5351 ederZins
263 5285 346 5347 noch
389 5285 446 5347 ede
462 5285 625 5348 entriehtet
645 5283 770 5346 werden
811 5287 840 5347 J.
864 5287 943 5350 1349
965 5299 1024 5351 (nr.
1041 5285 1091 5359 2).
1114 5283 1219 5343 Biedel
1238 5300 1266 5341 a.
1287 5299 1315 5340 a.
1339 5279 1376 5342 0.
1398 5278 1429 5340 S.
1453 5282 1501 5359 26,
1524 5279 1573 5342 27.

78 5371 207 5452 nwied)
233 5368 286 5431 die
306 5368 702 5452 regelmassigeuxemrion
717 5367 772 5429 der
894 5366 1119 5448 1666111615.
1156 5363 1315 5446 Markgrai
1326 5361 1417 5426 Otto
1433 5381 1495 5425 von
1512 5363 1642 5433 Bam
