3548 5826
593 260 726 323 Bieleteld
745 290 780 301 -
798 261 971 317 Biesenlbol.
1552 261 1615 331 223

78 414 165 477 :tasin
187 415 242 481 llio
263 414 498 493 verselleadel‘3
521 413 593 475 dass
605 413 690 493 aber,
713 432 778 474 was
821 415 966 475 mittimus
994 421 1026 476 ct
1051 416 1304 477 commendamus
1335 420 1484 481 memorie
1505 418 1615 500 sempi-

82 499 115 561 tn
136 498 200 559 den
221 498 288 559 drei
312 496 549 575 Weichbildeu,
571 498 670 558 sowie
692 495 777 557 tiber·
821 503 916 573 terne,
939 496 1022 576 quod
1037 498 1195 559 universas
1209 499 1364 561 libertates
1382 502 1496 563 civitati
1510 514 1615 564 nostre

107 581 142 641 in
180 581 243 643 den
275 580 425 659 Dorlern,
468 578 681 659 Kircbspielen
716 577 777 638 und
821 579 944 639 Bisadal
972 599 1010 639 ao
1032 580 1149 641 civibus
1175 583 1369 660 presentibus
1397 591 1429 644 et
1450 585 1555 644 futuris
1583 585 1615 645 in

78 662 216 725 uelraiteu
232 663 367 740 anBier,
383 662 475 740 Brod,
499 663 615 737 Butler,
636 661 778 738 Fiscben,
819 663 887 741 ipsa
918 662 1125 723 babitantibus
1153 662 1240 724 datas
1273 666 1313 725 ab
1339 666 1448 726 illustri
1478 668 1615 746 principe

78 744 142 807 und
172 744 236 807 und
260 744 533 807 woden-Sechen
561 745 609 805 lttr
635 743 694 804 den
723 743 776 803 Le·
819 744 945 805 domiuo
959 742 1147 819 Hermanno,
1159 746 1315 825 quondam
1331 749 1509 809 marchione
1523 749 1614 811 Brau-

78 827 165 891 tdarl'
183 848 247 891 von
263 828 390 890 Notheu
412 829 473 907 sei,
495 846 555 889 von
577 825 776 904 ledesmaun,
819 826 1034 907 denburgeusi,
1056 839 1162 888 nostro
1189 830 1330 908 genitore
1352 831 1436 892 clare
1458 832 1615 911 memorie,

78 910 257 971 numentlich
284 911 363 971 auch
391 929 452 970 von
481 910 541 969 den
563 908 776 988 „Taberners“
819 928 960 970 necnon
983 908 1246 971 ahaliisnostris
1281 913 1529 992 progenitoribus
1556 915 1615 995 ipsi

78 992 202 1055 ¹alefeld
238 993 349 1074 geholt
383 992 445 1053 und
484 990 612 1072 gskaust
650 991 775 1051 werden
818 992 933 1052 civitati
959 1000 991 1052 et
1018 991 1134 1053 civibus
1156 1012 1321 1055 concessas
1357 994 1614 1077 confirmavimus,

78 1123 83 1138 .
116 1079 285 1139 Calamina
306 1075 422 1137 aco
444 1075 500 1135 Th.
521 1074 547 1135 11
570 1074 599 1136 S.
624 1075 775 1137 tut-28.
818 1081 849 1134 et
878 1073 1003 1134 easdem
1035 1076 1109 1154 ipsis
1140 1076 1340 1155 solempniter
1370 1098 1426 1158 per
1473 1087 1612 1141 recentes

78 1162 156 1237 m,
177 1158 263 1235 bilin
286 1162 335 1223 15.
377 1156 527 1218 Derselbe
552 1156 683 1217 scbenkt
704 1155 774 1216 dem
817 1157 921 1217 literas
944 1156 1095 1216 donamus
1117 1157 1173 1217 sub
1197 1157 1297 1218 modis
1326 1167 1357 1219 et
1379 1098 1613 1222 contllcionihus

90 1241 158 1302 und
187 1239 244 1302 der
264 1239 437 1302 Gemeiuda
465 1240 567 1301 seiner
586 1237 776 1298 Naustadt
816 1239 1045 1319 infrascriptis.
1075 1240 1176 1300 Primo
1200 1260 1273 1321 ergo
1297 1240 1509 1304 distinctiones
1532 1243 1613 1304 dicte

78 1324 121 1385 ud
145 1325 251 1402 einen,
273 1323 353 1385 nach
373 1324 490 1383 seiuem
502 1321 654 1401 Umfange
672 1340 773 1402 gensu
816 1322 932 1383 civitati
957 1321 1091 1382 indultas
1118 1323 1298 1383 inchoamus
1325 1324 1385 1385 lroc
1408 1325 1516 1387 modo:
1556 1326 1614 1387 Per

78 1406 231 1484 lebenen,
253 1405 301 1467 bis
315 1404 407 1465 dobin
422 1404 623 1485 geschlosseu
635 1422 773 1484 gewese-
816 1403 997 1464 descensum
1020 1403 1127 1464 fluenti
1140 1404 1178 1465 de
1197 1406 1344 1467 winiscbe
1363 1406 1491 1490 flieth‘)
1516 1427 1613 1488 usque

78 1510 140 1551 runi
151 1488 234 1567 „den
249 1488 473 1568 upzomachen,
486 1487 602 1547 deStst
615 1486 773 1546 vurschre·
816 1486 855 1546 ad
872 1486 1080 1547 molendinum
1096 1487 1331 1571 antiquum**),
1354 1490 1393 1550 de
1414 1491 1475 1552 hoc
1497 1492 1612 1553 molen·

78 1569 495 1648 mitsovestende,inddea
510 1568 773 1649 zoyrenNutuen,
816 1569 889 1631 dinu
920 1589 1016 1649 usque
1045 1569 1084 1629 ad
1115 1571 1272 1649 semitam,
1306 1591 1365 1650 que
1397 1572 1481 1634 ducit
1507 1593 1612 1637 versus

96 1653 156 1715 ind
190 1655 333 1714 Vestuiss
362 1699 369 1713 .
394 1698 432 1713 ..
465 1672 502 1713 no
534 1650 773 1733 gebrugchende
815 1652 955 1730 Lnnclre3
987 1654 1065 1712 intra
1101 1653 1180 1713 hanc
1210 1650 1439 1716 distinctionem
1471 1658 1613 1717 universa

100 1735 284 1799 usvender‘
329 1738 487 1797 Culemonn
509 1755 536 1798 a.
559 1755 586 1795 a.
606 1733 642 1794 Ο.
665 1733 773 1793 Tulit
817 1736 901 1815 ligna
943 1744 976 1796 et
1010 1736 1150 1814 gramina
1182 1737 1338 1815 pertinent
1374 1738 1413 1798 ad
1456 1740 1610 1800 civitatem

816 1824 952 1878 nostram
985 1816 1154 1897 predictam
1189 1818 1276 1878 titulo
1307 1822 1519 1900 proprietatis,
1556 1822 1611 1883 sed

78 1906 152 1979 H,
182 1901 265 1964 Nov.
289 1904 338 1965 15.
381 1899 529 1961 llerselbe
561 1897 669 1979 gelobt
702 1897 772 1958 dem
816 1901 881 1980 agri
903 1901 953 1961 siti
974 1907 1057 1960 trans
1079 1901 1230 1978 semitam,
1254 1902 1305 1979 qui
1319 1902 1459 1964 dicuntur
1471 1904 1611 1985 Morgen-

91 1984 158 2045 und
186 1983 249 2045 den
278 1983 415 2063 Btlrgern
444 1983 546 2043 seiner
568 1980 656 2041 Stsdt
676 1981 772 2041 Riele-
816 1982 924 2059 lande,
954 1983 1050 2043 nostri
1080 1990 1159 2042 sunt.
1201 1982 1280 2044 Item
1311 1984 1350 2044 de
1383 1986 1443 2046 illis
1471 1988 1552 2066 egris
1579 1987 1610 2047 in

78 2066 200 2129 welche
229 2066 283 2127 ibn
307 2067 347 2129 im
371 2063 580 2125 verflossenen
602 2064 695 2123 lehre
719 2064 774 2122 mit
816 2067 932 2144 myrica
954 2084 1050 2143 usque
1072 2064 1113 2124 ad
1135 2073 1282 2142 montem,
1305 2069 1355 2146 qui
1377 2068 1487 2128 dicitur
1504 2070 1610 2129 lanes·

78 2152 230 2213 leisteuer
242 2169 281 2209 zu
304 2148 364 2208 den
387 2149 427 2207 im
450 2167 473 2208 s.
486 2167 516 2227 g.
536 2140 771 2207 brabantiscben
815 2147 948 2225 n'erder,
987 2146 1078 2207 etde
1100 2148 1161 2207 hoc
1187 2167 1284 2227 usque
1312 2150 1351 2209 ad
1381 2151 1610 2213 distinctionem

87 2228 772 2305 erwaehsenenKostenuntersttitstbatten,
814 2232 1006 2303 semitarum,
1040 2249 1099 2308 que
1121 2230 1236 2291 ducunt
1257 2251 1364 2292 versus
1387 2235 1611 2314 Rulevestorpe

78 2316 198 2379 kbsrer
219 2313 455 2393 Anerlienuung
476 2311 578 2371 dieser
599 2310 701 2388 Gaba,
731 2330 771 2370 au
814 2321 845 2373 et
867 2333 972 2373 versus
993 2313 1113 2390 Melus,
1149 2320 1180 2372 et
1201 2313 1313 2374 abinde
1342 2335 1438 2394 usque
1465 2317 1505 2377 ad
1533 2319 1611 2377 rivu-

78 2420 103 2459 e
133 2397 213 2475 „der
234 2395 441 2456 vurschreveu
470 2394 575 2454 Beden
603 2392 655 2453 ind
678 2392 771 2454 Geld·
814 2397 892 2467 lum,
915 2404 947 2456 et
968 2394 1007 2455 de
1028 2396 1127 2456 rivulo
1149 2405 1317 2458 retrorsum
1339 2418 1436 2478 usque
1457 2400 1498 2461 ad
1515 2400 1611 2459 Polic-

94 2500 202 2563 geyne
225 2498 291 2539 mer
318 2498 356 2538 zo
378 2478 525 2558 gesinnen
557 2476 637 2536 noch
660 2474 772 2536 vorder
814 2479 945 2557 mallen,
986 2486 1018 2538 et
1049 2477 1088 2539 de
1120 2478 1181 2538 hoo
1205 2498 1261 2559 per·
1290 2480 1471 2557 descensum
1505 2480 1610 2542 lluenti

79 2583 121 2625 so
145 2562 369 2639 besobwereu,
389 2560 434 2621 idt
456 2580 494 2620 en
517 2578 600 2619 were
623 2558 684 2619 dan
706 2557 770 2618 Sai·
813 2581 909 2641 usque
930 2559 1258 2640 stamitesBrucke,
1280 2562 1399 2623 scilicet
1418 2562 1458 2623 ad
1479 2572 1611 2643 pratum,

78 2646 126 2708 lat
153 2646 195 2707 be
225 2643 300 2719 [der
321 2643 460 2723 Herzog)
488 2662 548 2702 van
576 2641 646 2702 dem
667 2641 770 2701 Romi-
813 2643 896 2723 quod
918 2643 1028 2704 dicitur
1049 2642 1245 2723 Barndorpes
1270 2645 1390 2723 Wisch,
1420 2647 1510 2706 situm
1532 2645 1612 2705 inira

81 2728 208 2809 Kayser
235 2726 289 2787 ind
317 2725 503 2786 Romischen
525 2725 698 2805 Koenynck
719 2742 771 2803 ge·
813 2726 966 2807 predictas
988 2726 1211 2802 distinctiones,
1234 2728 1385 2789 iusticiam
1408 2728 1489 2789 dicte
1506 2728 1610 2789 civita·

78 2812 206 2873 uidereu
229 2810 359 2870 Fumten
382 2807 436 2868 des
458 2808 569 2883 Ricbs,
591 2826 688 2887 aynen
712 2806 770 2865 Ge·
814 2814 851 2869 tis
884 2811 967 2870 cives
1002 2810 1114 2869 nullam
1147 2808 1270 2870 hebent.
1319 2809 1395 2871 Item
1428 2809 1467 2871 de
1501 2810 1612 2872 samio

78 2916 110 2973 n,
133 2892 250 2955 vorder
272 2892 407 2953 beswert
427 2889 522 2950 oeder
544 2890 645 2949 bellust
667 2887 770 2948 wurde
812 2911 910 2970 usque
930 2891 1202 2971 adKuncenberg,
1224 2891 1263 2952 de
1278 2892 1448 2973 hocusque
1468 2893 1507 2954 ad
1530 2899 1609 2975 slag-

78 2980 173 3039 nen.“
219 2978 380 3037 Culemano
400 2993 428 3034 a.
450 2993 477 3034 a.
500 2973 536 3033 0.
560 2971 590 3032 S.
613 2978 663 3035 hh.
813 2996 885 3035 num
906 2974 1056 3035 Johsnnis
1079 2974 1118 3032 de
1139 2973 1241 3034 Bune:
1278 2976 1434 3037 intrabas
1456 2976 1609 3056 predictas

815 3058 1029 3118 distinctiones
1050 3074 1166 3135 pascua
1187 3075 1334 3135 pecorum
1357 3065 1389 3117 et
1409 3059 1550 3138 gramina
1570 3056 1609 3117 ad

815 3160 937 3202 ornnem
962 3159 1049 3199 usum
1073 3144 1105 3196 et
1125 3137 1322 3199 commodum
1340 3138 1414 3200 dicti
1435 3142 1518 3200 eires
1541 3158 1609 3200 cum

272 3219 469 3288 Biestnlltal·
816 3224 918 3302 quiete
940 3220 1070 3302 pacifica
1087 3219 1290 3300 possidebunt
1304 3227 1335 3281 et
1347 3221 1512 3282 habebunt.
1536 3225 1609 3283 ltern

221 3340 358 3389 (eramen,
371 3333 522 3384 surranum.)
816 3307 846 3365 in
870 3324 964 3385 parva
988 3303 1101 3363 inerma
1122 3302 1246 3363 Biezdal
1264 3301 1421 3364 habebunt
1433 3304 1609 3366 facilitatem

818 3389 943 3448 liberam
958 3385 1096 3447 fodiendi
1112 3385 1183 3445 kien
1203 3376 1379 3448 et'secsndi
1403 3386 1487 3467 ligna
1503 3392 1609 3467 jacen·

78 3522 86 3537 .
113 3474 245 3547 Fidicin,
268 3470 525 3533 Gescluicbtedes
540 3466 771 3530 KreisesOber-
814 3472 856 3530 tia
878 3479 910 3530 et
929 3471 1100 3550 granrinum
1132 3488 1218 3528 usum
1248 3470 1277 3527 in
1308 3468 1415 3529 eudem
1444 3469 1609 3543 habebunt,

78 3575 91 3616 i
130 3554 338 3635 [Territorien
369 3553 424 3614 Bu.
451 3553 477 3613 ll
512 3552 563 3614 Nr.
592 3550 635 3626 ll,
674 3550 766 3627 1858]
814 3562 1006 3633 preterquam
1029 3554 1058 3611 in
1082 3561 1189 3611 nostro
1212 3559 1311 3630 prato,
1335 3552 1417 3630 quod
1440 3552 1532 3612 trahit
1552 3552 1609 3613 ori·

78 3636 127 3699 el
148 3637 181 3700 fl.
204 3635 548 3713 18-883tu'etlund
571 3635 680 3708 Scheu,
702 3631 771 3691 Ber·
813 3637 916 3717 ginem
939 3634 978 3696 de
999 3634 1053 3696 illo
1076 3633 1192 3695 lluento
1217 3642 1247 3693 et
1274 3635 1453 3694 terminatur
1474 3636 1505 3693 in
1529 3635 1610 3709 loco,

78 3720 97 3781 d
119 3720 173 3781 die
195 3719 283 3780 blarh
305 3719 525 3798 Brandenburg
547 3717 577 3778 S.
600 3718 671 3779 292.
814 3718 865 3777 ubi
886 3717 1110 3778 Sammitesche
1132 3716 1226 3776 vlieth
1243 3714 1333 3797 cadit
1359 3717 1388 3775 in
1412 3716 1536 3777 fluvium
1561 3718 1610 3777 Vi·

78 3805 152 3879 115,
175 3803 249 3864 bez.
265 3803 315 3863 24.
359 3799 687 3882 llarhgrat'lohann
711 3815 771 3856 von
814 3820 915 3862 nosve.
958 3800 1087 3879 Insuper
1117 3800 1147 3858 in
1177 3818 1288 3878 inagna
1317 3800 1430 3858 merioa
1451 3798 1609 3860 Werbelin

78 3886 196 3966 enburg
228 3885 375 3964 bestdtigt
405 3884 463 3943 den
498 3883 633 3963 Bttrgern
670 3880 771 3940 seiner
814 3883 929 3944 habent
961 3904 1047 3942 usum
1079 3882 1206 3942 liberum
1236 3883 1406 3962 graminum
1436 3890 1468 3942 et
1489 3890 1609 3961 pastum

78 3972 122 4029 hs
142 3967 347 4029 vermuthlich
369 3986 430 4027 ron
453 3965 601 4026 Albrecbt
622 3963 691 4024 deur
715 3962 770 4021 Bb
813 3985 960 4045 pecorum
982 3986 1037 4025 seu
1059 3984 1233 4044 porcorum,
1255 3983 1315 4043 que
1337 3964 1447 4024 dicitur
1470 3974 1558 4036 mast,
1580 3973 1612 4025 et

78 4050 265 4113 srrmrende
288 4049 404 4110 Castell
429 4048 568 4128 allnrtlig
589 4045 764 4122 erblttlrten]
814 4069 901 4108 usum
917 4050 1087 4129 jacentium
1111 4046 1263 4126 lignorum
1287 4066 1382 4125 usque
1403 4046 1444 4106 sd
1458 4047 1610 4123 semitam,

78 4132 262 4195 Riesenthel
289 4132 338 4193 die
364 4133 457 4193 ihnen
484 4150 546 4192 von
568 4131 685 4190 seiuem
710 4128 769 4189 Va·
813 4131 975 4191 dueentem
999 4151 1104 4191 versus
1122 4129 1341 4205 Liwenwalde,
1363 4128 1610 4208 quandocunque

78 4236 131 4279 eur
162 4214 356 4296 Harlrgralen
378 4214 535 4276 Hermann
561 4218 635 4289 (ror
662 4213 769 4289 1307),
812 4215 886 4294 ipsis
909 4214 1034 4295 expedit
1056 4222 1149 4291 atque
1171 4210 1254 4272 libet.
1283 4210 1507 4272 Confirmamus
1530 4213 1610 4272 insu·

78 4318 118 4361 nn
139 4299 248 4359 seineu
270 4296 582 4378 ttbrigenVorlahren
597 4293 771 4363 (vielleicht
813 4317 868 4376 per
895 4296 993 4356 iorum
1027 4296 1195 4356 eorundem
1228 4295 1259 4354 in
1291 4295 1413 4354 civitate
1444 4301 1476 4353 et
1502 4312 1610 4354 omnes

78 4378 94 4447 ῐ
113 4383 197 4445 1250
218 4379 349 4457 curticle)
368 4379 564 4440 verliehenen
587 4377 770 4452 Freiheiten,
815 4380 981 4457 libertates,
1004 4398 1079 4457 quas
1102 4378 1140 4438 ab
1163 4378 1289 4455 antiquo
1312 4375 1456 4436 habuisse
1479 4395 1610 4436 noscun-

78 4462 308 4526 insbesondere
329 4461 366 4545 s)
386 4482 448 4522 von
470 4461 530 4521 den
554 4460 695 4520 Grenzen
717 4458 773 4519 der
814 4469 870 4522 tur.
921 4461 1048 4541 insuper
1084 4461 1215 4520 universi
1255 4457 1461 4518 inhabitantes
1498 4457 1610 4518 dictam

78 4545 545 4609 rudeneherGerichtsbarlen
567 4540 770 4604 belindlichen
815 4546 988 4621 civitatem,
1022 4544 1088 4604 sive
1114 4543 1225 4602 fuerint
1251 4541 1443 4601 condicionis
1474 4541 1611 4602 militaris

78 4630 198 4709 urkung
218 4627 279 4688 und
302 4628 357 4689 des
380 4625 626 4707 gemeindlichen
649 4623 772 4686 Weide-
814 4627 863 4687 vel
886 4631 1095 4708 cujuscunque
1116 4625 1251 4700 alterius,
1273 4642 1354 4700 equo
1373 4622 1467 4683 modo
1480 4632 1513 4684 ut
1529 4624 1612 4683 cives

78 4733 109 4791 s,
132 4711 172 4786 b)
195 4731 256 4771 von
279 4711 334 4771 der
354 4708 689 4790 Merktgerechtiglreit,
710 4706 772 4767 und
815 4709 854 4770 de
876 4708 966 4770 bonis
988 4709 1050 4768 suis
1072 4706 1262 4768 hereditariis
1280 4704 1392 4765 ibidem
1409 4705 1511 4765 facere
1529 4712 1612 4764 teue-

78 4816 94 4857 n
131 4792 194 4854 deu
222 4792 471 4873 Grundabgaben
503 4791 557 4852 der
585 4791 702 4870 Bttrger
732 4809 771 4850 sn
815 4793 942 4870 buntur,
974 4800 1005 4852 et
1025 4791 1114 4871 hujus
1136 4795 1277 4871 pretextu
1300 4786 1372 4846 dicti
1395 4787 1478 4847 eires
1500 4788 1530 4847 in
1554 4787 1612 4867 sig-

78 4875 224 4939 mcum
248 4874 421 4937 handelnd:
816 4895 889 4936 num
910 4875 1060 4936 libertatis
1081 4873 1218 4953 predicte
1246 4869 1331 4931 omni
1352 4888 1435 4929 auno
1466 4869 1505 4928 de
1527 4868 1611 4930 bono

78 4961 111 5022 ln
133 4959 260 5019 nomine
277 4957 402 5020 Domini
423 4975 535 5018 amen.¹
556 4955 711 5034 Scriptura
731 4963 772 5016 te-
816 4959 953 5039 ipsorum
976 4958 1080 5018 animo
1110 4954 1215 5031 nobis,
1252 4951 1302 5011 vel
1333 4950 1383 5011 ubi
1411 4950 1612 5032 assignaveri-

78 5044 122 5105 uio
143 5039 311 5103 redduntur
327 5040 438 5117 lucida,
460 5058 520 5119 que
536 5037 702 5100 oblivionis
720 5058 771 5098 nu·
1691 5055 1693 5059 ⁷

78 5133 132 5185 unt
153 5122 295 5185 obscura.
338 5122 418 5183 Hinc
439 5130 503 5200 est,
531 5120 614 5201 quod
641 5120 772 5182 uoslo·
816 5132 987 5139 ““’“’””
1012 5128 1119 5136 ’“’”’

78 5229 107 5281 ἰ
135 5206 196 5301 Del,
216 5207 321 5286 8¹²⁰l⁸
342 5205 477 5302 m⁰¹⁰ll⁰
499 5204 772 5301 Branflenbfflssffl·
869 5234 900 5294 ’)
920 5230 992 5283 letnt
1010 5226 1224 5282 ornile-suess.

88 5288 234 5367 tanate,
259 5287 350 5368 hujus
370 5306 485 5369 pagrne
515 5287 655 5351 claritate
677 5295 772 5350 trans-
851 5303 899 5369 ⁸⁸)
920 5301 992 5355 Jstst
1008 5299 1164 5353 ttehtnadt.
