3548 5826
214 282 279 351 252
984 287 1073 340 Bona.

218 444 442 534 mengesetnter
469 440 567 500 Rath
597 439 745 499 bestehen
774 437 869 513 solie,
902 438 1012 499 dassen
1056 437 1200 497 Preterea
1220 455 1289 495 cum
1312 435 1445 515 populus
1467 435 1496 494 in
1520 432 1615 514 opido
1637 435 1774 495 bunnen

217 520 377 582 amtlrches
390 521 582 581 Verhtltniss
600 542 653 580 zur
670 521 894 601 Burgerschalt,
916 522 1014 581 sowie
1056 518 1107 578 die
1128 519 1158 578 in
1180 518 1261 579 diem
1284 523 1498 598 augmentetur
1518 524 1551 575 et
1571 517 1743 597 multiplice
1765 543 1767 569 ι

216 602 438 663 insbesondcre
472 602 735 664 eivilriehterliehe
767 603 891 663 Gewalt
919 604 1015 664 u'aher
1056 618 1185 661 necesse
1207 601 1262 674 sit,
1284 607 1318 659 ut
1333 619 1483 680 personas
1505 606 1606 658 certas
1627 607 1660 659 et
1681 599 1765 660 iided

218 684 374 747 bestimmt
394 684 487 745 wird:
1056 683 1169 743 habeat
1190 685 1269 742 inter
1294 702 1343 759 se,
1370 701 1425 761 per
1446 701 1521 760 quas
1543 684 1616 760 jura
1642 690 1676 741 et
1696 682 1752 743 lib

300 767 458 845 „Syfridus
489 766 539 826 dei
562 769 662 848 gratia
690 774 797 827 sancte
819 767 1014 827 coloniensis
1056 767 1151 845 ipsius
1181 765 1265 844 opidi
1290 771 1434 844 regantur
1467 771 1499 824 ct
1525 771 1768 839 conserventur;

218 849 350 910 ecclesie
368 849 628 929 archiepiscopus,
650 851 729 909 sacri
750 850 868 928 imperii
891 845 1014 928 perita
1056 846 1250 907 attendentes
1273 848 1303 906 in
1317 847 1379 906 hoc
1399 847 1494 925 ipsius
1512 844 1597 924 opidi
1611 865 1675 906 non
1698 846 1773 907 mod

218 931 290 992 liam
312 930 621 1007 archicancellarius,
644 932 793 991 universis
816 931 918 990 christi
940 930 1013 990 iide-
1056 928 1252 989 commodum
1282 936 1313 988 et
1336 929 1522 1008 proiectum,
1551 927 1590 987 de
1618 947 1755 989 consens

218 1012 297 1073 libus
319 1032 447 1092 presens
470 1015 614 1093 scripturn
639 1014 746 1072 visuris
768 1013 811 1072 rei
832 1021 920 1092 geste
943 1032 1013 1093 cog·
1056 1011 1142 1090 pituli
1166 1013 1262 1071 nostri
1294 1019 1326 1070 et
1354 1010 1483 1070 consilio
1511 1008 1650 1069 fidelium
1679 1030 1754 1072 nos

218 1113 348 1155 noscere
380 1096 549 1157 veritatem,
593 1095 668 1155 Cum
698 1114 755 1154 nos
786 1115 825 1154 ex
847 1094 939 1154 officii
961 1114 1014 1155 no·
1057 1093 1264 1152 ordinavimus
1298 1101 1329 1153 et
1351 1092 1528 1152 ordinamus
1555 1098 1587 1151 et
1613 1094 1659 1152 sic
1689 1094 1721 1152 in
1757 1122 1761 1147 ι

219 1177 272 1236 stri
295 1176 400 1237 debito
422 1196 484 1236 nou
508 1177 606 1236 solum
629 1178 659 1235 in
682 1176 888 1256 spiritualibus
911 1184 1013 1237 tenea·
1057 1180 1140 1235 tuum
1162 1195 1182 1235 a
1210 1174 1300 1235 nohis
1322 1181 1353 1235 et
1374 1194 1393 1234 a
1413 1175 1526 1234 nostris
1549 1175 1743 1238 successorib
1771 1220 1774 1227 ⁴

220 1278 286 1318 mur
317 1278 419 1318 curam
447 1277 555 1339 gerere
582 1260 684 1339 gregis
714 1260 804 1319 nobis
839 1260 1013 1337 commisse,
1056 1258 1155 1317 lumus
1179 1257 1353 1333 observari,
1380 1255 1462 1334 quod
1485 1255 1611 1335 opidani
1635 1261 1770 1337 majores

219 1360 324 1401 verum
348 1342 438 1400 etiam
462 1343 492 1399 in
510 1340 729 1420 temporalibus
744 1340 898 1400 debitores
919 1342 1013 1400 simus
1056 1340 1209 1399 versitatis
1238 1339 1400 1399 duodecim
1430 1344 1589 1417 personas'
1608 1339 1660 1398 vel
1687 1339 1766 1401 inira

220 1422 381 1501 providere
403 1424 445 1482 rei
463 1421 595 1501 publice,
618 1428 853 1501 nostrorumque
876 1422 1014 1484 delectus
1056 1422 1143 1501 galee
1176 1430 1208 1482 et
1232 1421 1420 1501 iidediguas,
1454 1420 1571 1500 eligant
1603 1422 1684 1481 inira
1717 1421 1768 1501 opi

220 1504 363 1584 supplere
395 1504 600 1581 subditorum3
633 1504 705 1563 hinc
738 1511 785 1564 est
816 1506 916 1584 quod,
946 1524 1014 1565 curn
1057 1505 1108 1582 qui
1130 1504 1229 1563 sciant
1250 1511 1281 1563 et
1311 1504 1433 1583 possint
1459 1502 1568 1561 melius
1594 1522 1632 1563 ac
1663 1503 1766 1563 utilius

219 1587 298 1646 inter
319 1587 461 1646 scabinos
488 1605 528 1645 ex
551 1605 611 1645 una
634 1596 737 1664 parte,
771 1594 802 1646 et
823 1591 956 1665 maj0res
978 1606 1016 1647 ac
1058 1604 1127 1645 esse
1149 1593 1180 1644 et
1200 1584 1348 1664 prodesse
1371 1586 1414 1644 rei
1437 1583 1559 1662 publice
1581 1592 1614 1644 et
1630 1586 1771 1666 negotiu

220 1669 448 1729 universitatem
469 1667 553 1747 opidi
566 1667 733 1728 bunnensis
754 1689 793 1728 ex
815 1669 920 1747 altera,
942 1669 1016 1729 tide·
1058 1670 1120 1727 sius
1142 1667 1225 1746 opidi
1248 1669 1305 1727 rite
1326 1666 1507 1744 disponere,
1528 1674 1622 1744 prout
1638 1666 1753 1728 honori

221 1751 266 1810 les
294 1756 432 1827 nostros,
466 1769 559 1828 super
587 1750 742 1810 solutione
769 1753 933 1830 peticionis
961 1772 1015 1811 no·
1057 1770 1121 1809 rum
1144 1768 1182 1811 ac
1203 1749 1324 1809 utilitati
1352 1749 1447 1828 ipsius
1474 1747 1560 1827 opidi
1588 1748 1743 1810 videbitur
1772 1777 1774 1802 ι

220 1838 292 1911 stre,
314 1831 592 1891 videlieetcentnm
609 1852 777 1892 marearum
792 1833 1014 1894 coloniensium
1058 1832 1132 1892 dire.
1181 1830 1334 1909 Quidquid
1362 1840 1464 1890 sutem
1494 1830 1657 1891 eonsilium
1684 1831 1772 1911 predi

220 1913 415 1975 denariorum
448 1914 537 1973 uobis
571 1922 602 1974 et
636 1916 865 1975 suecessoribus
904 1918 1015 1976 uostris
1058 1915 1102 1974 sie
1124 1914 1254 1974 electum
1278 1922 1310 1973 et
1321 1921 1509 1991 assumptum
1532 1932 1588 1991 pro
1602 1914 1761 1973 communi

220 1996 348 2075 siugulis
366 1996 454 2055 aunis
467 1997 496 2054 in
516 1996 597 2056 dicto
614 1996 707 2075 opido
723 1997 873 2074 iacienda,
895 2000 1015 2077 questio
1059 2004 1090 2056 et
1107 1997 1236 2056 utilitate
1252 1996 1366 2055 utiliter
1383 1996 1480 2076 egerit
1500 2014 1555 2054 seu
1570 1994 1772 2075 ordinaverit,

220 2083 405 2154 verteretur,
434 2077 521 2137 dictis
550 2077 682 2137 scabinis
705 2078 891 2153 dicentibus,
919 2081 1013 2140 seed
1056 2080 1185 2139 versitas
1213 2079 1244 2136 in
1267 2077 1409 2138 omnihus
1439 2083 1471 2136 et
1490 2096 1548 2154 per
1569 2078 1677 2137 omnia
1699 2077 1773 2139 obte

221 2159 406 2220 solutionem
441 2167 563 2219 centum
605 2179 773 2220 marcarum
809 2161 1013 2240 predictarum
1056 2161 1150 2237 rabit,
1180 2162 1353 2220 consentiet
1374 2166 1406 2218 et
1426 2157 1619 2237 observabit3
1648 2158 1735 2238 quod
1762 2207 1765 2212 a

220 2261 282 2302 non
298 2243 405 2317 teneri,
430 2241 595 2321 majoribus
617 2250 648 2300 et
669 2244 866 2303 universitate
889 2246 918 2303 in
942 2263 1013 2304 eon·
1056 2245 1124 2322 quis
1147 2243 1185 2302 de
1202 2241 1343 2320 opidanis
1360 2240 1505 2320 predictis
1521 2241 1590 2317 hiis,
1611 2260 1674 2319 qne
1695 2260 1733 2300 se
1752 2270 1767 2291 ·=

220 2324 342 2383 tranium
366 2324 591 2399 asserentibus,
613 2325 697 2402 ipsos
720 2326 862 2385 scabinos
885 2327 1015 2405 abipsa
1056 2345 1111 2385 seu
1133 2324 1343 2385 ordinaverint
1370 2324 1535 2383 consiliarii
1556 2323 1705 2402 predicti,
1732 2342 1767 2385 re

219 2405 374 2465 solutione
403 2426 465 2465 nou
494 2405 607 2465 debere
634 2426 703 2465 esse
725 2408 859 2468 solutos:
889 2408 1012 2467 tandem
1055 2409 1196 2467 inventus
1220 2406 1318 2483 fusus,
1341 2425 1462 2465 manum
1478 2412 1614 2465 nostram
1628 2412 1742 2467 contra

219 2506 288 2547 curn
311 2506 402 2566 super
424 2487 599 2566 hujusmodi
614 2489 769 2550 solutione
791 2499 913 2550 centurn
937 2510 1013 2550 mar·
1058 2509 1153 2568 usque
1175 2488 1214 2548 ad
1242 2488 1482 2548 satisfactionem
1512 2506 1718 2566 apponemus.
1773 2497 1774 2503 ’

219 2588 322 2630 carum
346 2590 450 2630 eoram
472 2570 562 2630 nobis
584 2569 635 2630 diu
649 2571 807 2632 altercatio
830 2579 1014 2644 moveretur,
1057 2592 1123 2631 mus
1143 2572 1245 2648 etiam,
1264 2569 1348 2649 quod
1368 2568 1531 2630 duodecim
1553 2588 1727 2650 personep
1750 2597 1774 2622 ··

219 2652 395 2731 apartibus
424 2652 566 2712 hincinde
598 2655 628 2713 in
659 2674 715 2713 nos
744 2654 801 2714 snb
829 2662 913 2715 certa
933 2674 1015 2734 pena
1057 2655 1106 2714 vel
1128 2654 1188 2714 due
1209 2672 1248 2712 ex
1261 2654 1346 2732 ipsis,
1367 2652 1575 2712 testimoninm
1591 2653 1768 2712 veritatis'

220 2735 320 2794 extitit
331 2736 596 2813 compromissum.
625 2735 690 2795 Nos
712 2738 815 2814 itaque
839 2737 1013 2816 hujusmodi
1058 2738 1145 2797 nibus
1167 2737 1266 2796 causis
1289 2753 1392 2794 coram
1421 2735 1495 2813 ipsis
1517 2734 1613 2812 gestis
1635 2733 1689 2794 vel
1710 2754 1772 2795 os

219 2819 443 2896 compromisso
465 2825 592 2896 propter
610 2818 756 2896 pericula,
779 2838 838 2896 que
859 2820 939 2879 inter
961 2837 1013 2879 no·
1055 2819 1199 2879 videlieet
1220 2817 1432 2896 superdebitis
1454 2824 1485 2877 et
1505 2814 1574 2875 aliis
1587 2816 1692 2875 causis
1705 2818 1774 2877 civi

219 2906 300 2959 stros
314 2899 528 2959 verosimiliter
539 2906 684 2978 poterant
705 2919 745 2959 ex
759 2900 934 2979 hujusmodi
955 2901 1012 2960 dis·
1055 2908 1158 2980 preter
1189 2919 1297 2959 causas
1328 2900 1501 2979 sanguinis,
1538 2900 1569 2957 in
1593 2897 1714 2977 judicio
1747 2919 1767 2960 ιι

219 2980 327 3041 cordia
347 2982 520 3060 provenire,
542 2983 658 3042 evitare
674 2982 814 3041 volentes
837 2984 866 3041 in
890 3002 947 3043 uos
969 3003 1013 3043 re·
1055 2983 1206 3045 bunnensi
1234 2981 1312 3040 infra
1335 2982 1458 3061 opidum
1485 2980 1663 3055 bunnense,
1694 2981 1745 3042 vel

219 3071 321 3143 cepto,
343 3066 477 3143 priorum
490 3062 725 3139 coloniensium,
747 3064 881 3125 fidelium
895 3072 1013 3127 nostro·
1055 3068 1154 3147 ipsum
1178 3064 1320 3142 opidum,
1349 3070 1441 3142 prout
1463 3063 1610 3121 terminus
1642 3064 1711 3123 sive
1734 3064 1773 3124 ba

220 3165 301 3222 rum,
334 3153 366 3206 et
396 3146 525 3205 aliorum
543 3148 788 3225 jurisperitorum
823 3148 953 3208 consilio
984 3155 1015 3207 et
1051 3149 1158 3229 ⁸judicii
1182 3147 1278 3206 nostri
1307 3145 1473 3205 bunnensis
1502 3163 1535 3203 se
1559 3144 1717 3222 extendit,
1752 3144 1771 3205 d

221 3236 340 3288 matura
378 3228 600 3288 deliberatione
641 3228 826 3309 prehabitis,
867 3231 1013 3310 inspeetis
1057 3241 1088 3293 et
1109 3232 1186 3291 ferre
1208 3229 1328 3306 possint
1350 3238 1381 3286 et
1401 3229 1431 3286 in
1447 3245 1629 3305 quacunque
1647 3246 1774 3288 causa

220 3312 312 3370 etiarn
342 3318 373 3371 et
400 3310 562 3389 diligenter
596 3312 777 3371 examinatis
805 3313 1013 3371 instrumentis
1056 3320 1147 3394 prout
1158 3321 1206 3372 est
1222 3311 1414 3390 premissum,
1436 3316 1467 3369 et
1487 3310 1513 3369 si
1526 3307 1703 3387 consiliarii,
1723 3310 1773 3389 qu‘

221 3399 252 3452 et
272 3394 439 3473 privilegiis
453 3392 568 3452 domini
585 3394 719 3454 Gouradi
741 3393 837 3455 felicis
857 3395 1013 3471 memorie,
1056 3406 1195 3475 tempore
1223 3393 1348 3466 suerint,
1381 3393 1589 3452 testimonium
1617 3391 1758 3470 tulerint,

220 3475 376 3555 quondam
398 3475 621 3555 archiepiscopi
644 3477 846 3552 coloniensis,
876 3486 1012 3537 anteces-
1056 3478 1212 3540 eritlocus
1226 3474 1405 3536 indeiationi
1419 3473 1658 3533 contradictum
1676 3494 1772 3535 corun

220 3559 310 3635 sons,
333 3565 365 3617 et
385 3556 516 3616 ecclesie
539 3558 726 3619 coloniensis
748 3558 856 3637 sigillis
879 3579 1013 3619 eommu-
1056 3561 1111 3622 sed
1132 3562 1267 3639 ipsorum
1300 3557 1476 3616 testimonio
1498 3555 1643 3631 stabitur,
1680 3564 1712 3618 et
1738 3576 1773 3617 aa

220 3639 307 3715 nitis,
338 3640 515 3699 innomine
544 3638 660 3701 domiui
684 3640 858 3701 arbitrando
881 3661 1013 3721 pronun·
1056 3661 1208 3724 supereo
1236 3641 1333 3699 ferent
1360 3639 1546 3715 sententias,
1582 3646 1614 3697 et
1634 3637 1731 3716 judex
1751 3659 1771 3699 ιι

221 3721 337 3781 ciamus
363 3729 394 3781 et
423 3721 603 3800 diffinimus,
638 3723 719 3801 quod
748 3725 880 3783 universi
904 3731 935 3783 et
956 3725 1014 3783 sin·
1056 3724 1238 3799 bunnensis,
1261 3722 1313 3800 qui
1335 3728 1546 3799 protempore
1565 3719 1664 3789 luerit,
1687 3740 1774 3783 secu

220 3803 283 3884 guli
304 3804 383 3863 iufra
404 3804 528 3884 opidum
553 3804 711 3866 bunnense
732 3806 782 3865 vel
807 3813 893 3865 extra
914 3807 1013 3884 ipsum
1056 3809 1117 3868 hoe
1130 3804 1279 3887 procedet
1300 3809 1331 3864 et
1346 3802 1506 3881 judicabit.
1550 3801 1702 3863 Volumus
1722 3805 1771 3865 ins

221 3885 345 3965 opidum
374 3887 451 3947 inira
480 3894 582 3946 tamen
612 3890 758 3948 terminos
781 3888 889 3961 hanni,
924 3894 1015 3966 prout
1057 3899 1090 3949 ut
1112 3888 1274 3949 duodecim
1304 3903 1437 3964 persone
1465 3883 1604 3963 predicte
1629 3904 1689 3962 pro
1718 3894 1772 3947 ten

221 3969 288 4048 ipse
303 3970 449 4028 terminus
472 3969 564 4029 banni
586 3972 760 4049 pervincas
784 3980 815 4028 et
835 3989 927 4049 agros
951 3970 1014 4047 opi·
1057 3969 1241 4032 assumende
1269 3968 1308 4028 ad
1331 3967 1547 4045 exequendum
1577 3967 1684 4027 omnia
1708 3988 1728 4046 p
1754 3997 1757 4002 ¹

221 4049 369 4111 danorum
399 4052 601 4111 bunnensinm
633 4053 842 4132 distinguitur,
877 4051 1014 4110 habitan·
1058 4054 1188 4113 lideliter
1216 4050 1272 4112 sub
1289 4054 1465 4129 juramento
1498 4047 1654 4108 fidelitatis
1679 4050 1770 4111 nobis

221 4141 283 4211 tes,
302 4135 372 4211 jure
394 4141 425 4193 et
437 4134 627 4195 libertatibus
649 4134 721 4194 dieti
744 4132 827 4213 opidi
845 4132 1015 4212 gaudentes
1058 4138 1129 4196 stite
1159 4136 1220 4194 sint
1248 4132 1383 4212 obligati.
1426 4131 1556 4193 Licitum
1585 4134 1690 4190 autem
1714 4134 1759 4193 eri

221 4234 259 4276 ac
286 4214 369 4275 bona
397 4225 428 4276 et
461 4216 647 4278 hereditates
673 4216 886 4295 possidentes,
919 4214 1016 4274 dictas
1059 4219 1146 4279 danis
1158 4215 1324 4296 majoribus
1338 4213 1493 4292 predictis,
1508 4212 1685 4291 hujusmodi
1708 4234 1741 4294 p·
1772 4261 1774 4266 .

221 4306 342 4358 centurn
377 4318 495 4358 mareas
533 4297 838 4378 proportionabiliter
877 4305 1016 4376 tempore
1059 4320 1112 4361 seu
1136 4299 1297 4359 eonsilium
1328 4295 1435 4375 elapso
1458 4315 1540 4356 anno
1565 4302 1686 4355 mutare
1708 4298 1761 4358 vel

221 4381 411 4459 autumpnali
433 4380 531 4441 semel
551 4382 581 4439 in
600 4399 699 4455 anno,
729 4378 896 4439 secundnm
919 4380 1016 4458 magis
1059 4387 1088 4442 in
1122 4382 1192 4442 loeo
1221 4382 1353 4459 ipsarum
1385 4381 1559 4455 instituere,
1592 4377 1641 4437 vel
1672 4397 1769 4439 omns

222 4470 255 4521 et
275 4463 389 4539 minus,
418 4470 509 4542 prout
530 4463 829 4541 uniuscujuscunque
852 4469 1018 4540 suppetunt
1059 4466 1176 4544 aliquas
1198 4482 1347 4542 personas
1378 4460 1416 4521 de
1438 4463 1531 4541 priori
1562 4459 1695 4521 consilio
1726 4470 1760 4521 to

222 4544 382 4604 facultates
405 4565 458 4604 seu
481 4545 564 4605 bona
590 4552 621 4604 et
643 4544 843 4621 hereditates,
871 4563 927 4623 pro
950 4550 1018 4603 rata
1059 4547 1107 4607 vel
1136 4547 1301 4621 sustinere,
1336 4552 1428 4623 prout
1455 4545 1552 4625 magis
1581 4541 1737 4604 videbitur

222 4626 343 4687 solvere
368 4627 570 4704 tenebuntur3
592 4636 623 4687 et
644 4629 670 4687 si
693 4628 787 4705 aliqui
809 4629 912 4705 aliqua
934 4624 1017 4686 bona
1059 4629 1137 4699 dire,
1160 4631 1202 4687 ita
1224 4637 1324 4688 tamen
1347 4635 1398 4703 ut,
1426 4629 1525 4705 siqui
1552 4625 1581 4683 in
1605 4634 1770 4703 posterum

221 4709 300 4768 inira
330 4710 454 4788 opidum
493 4709 651 4769 bunnense
683 4728 738 4769 seu
766 4710 843 4769 iufra
870 4709 1016 4768 terminos
1059 4710 1202 4770 stituendi
1235 4710 1345 4768 luerint
1371 4711 1402 4769 in
1430 4708 1531 4769 locum
1560 4706 1773 4786 predictorum

222 4791 315 4851 banni
330 4793 458 4871 predicti
472 4793 728 4873 comparaverint,
747 4790 920 4871 hujusmodi
935 4789 1017 4849 bona
1059 4792 1236 4852 fidelitatem
1265 4790 1353 4851 nobis
1382 4798 1543 4851 teneantur
1564 4788 1620 4847 suh
1655 4792 1753 4868 presti

223 4892 278 4933 seu
305 4875 490 4934 hereditates
517 4875 556 4934 ad
586 4875 670 4953 ipsos
692 4895 760 4934 curu
793 4894 887 4934 onere
911 4873 1016 4932 trausi-
1058 4884 1208 4935 ramento.
1252 4873 1293 4933 Ut
1319 4873 1376 4932 hec
1405 4882 1507 4933 autem
1536 4873 1624 4931 firma
1656 4891 1755 4950 perrn

222 4956 313 5034 hunt,
348 4964 380 5015 et
402 4958 459 5035 ipsi
489 4956 528 5017 de
560 4957 647 5018 dietis
676 4958 765 5018 bonis
788 4977 884 5017 onera
903 4955 1016 5035 qualia
1060 4966 1091 5018 et
1112 4959 1141 5018 in
1164 4964 1344 5037 perpetuum
1373 4975 1392 5015 a
1420 4956 1531 5016 nostris
1561 4956 1759 5015 successorib

223 5057 343 5117 cunque
370 5038 452 5118 opidi
476 5039 642 5100 bunnensis
670 5049 793 5120 portare
825 5039 1015 5101 tenebuntur.
1060 5040 1224 5115 convulsa,
1254 5046 1428 5118 presentem
1453 5038 1571 5097 literam
1593 5036 1624 5094 in
1647 5038 1768 5098 testim

223 5120 374 5181 Volumus
406 5128 508 5181 tamen
532 5123 615 5183 bona
640 5124 837 5184 eeclesiarum
861 5130 893 5183 et
913 5141 1017 5182 urona-
1060 5143 1151 5202 super
1184 5122 1241 5182 hiis
1276 5127 1381 5180 nostro
1414 5127 1446 5180 et
1467 5120 1598 5180 ecclesie-
1627 5127 1733 5180 nostre

222 5204 398 5279 steriorunr,
433 5224 493 5283 que
515 5205 663 5265 hactenus
686 5226 747 5266 non
770 5206 945 5283 solverunt,
978 5204 1017 5264 ab
1060 5206 1174 5266 niensis
1196 5203 1304 5284 sigillis
1326 5201 1467 5263 duximus
1489 5201 1707 5263 roborandam.
1738 5202 1768 5263 Ε

222 5283 396 5365 hujusmodi
426 5285 581 5346 solutione
615 5287 680 5346 sore
702 5288 798 5347 libera
826 5295 857 5347 et
884 5296 1016 5348 exemia.
1061 5287 1226 5368 capitulum
1247 5284 1427 5345 coloniense
1443 5284 1575 5365 sigillum
1600 5287 1771 5348 nostrumi
