3548 5826
714 294 816 352 Berlin.
1525 297 1585 365 133

71 476 97 529 s,
116 475 171 534 per
192 472 269 532 quon
290 472 406 531 pannus
428 449 676 531 soletoperari“)
700 447 751 509 die
876 450 970 526 root,
1003 449 1085 509 littra
1114 453 1163 511 20.
1214 452 1370 533 llarlrgras
1392 455 1582 516 Hermann
1608 457 1641 516 12

70 537 113 609 rit,
144 555 244 616 gegeu
266 535 430 617 [adungen
453 533 678 616 ungehorsame
705 530 750 591 In-
794 550 853 591 von
884 529 1105 613 Brendenburg
1142 532 1326 595 verlautbart
1354 535 1402 597 die
1431 556 1491 597 von
1523 538 1583 601 den

70 638 217 712 penossen
247 638 283 678 au
303 617 454 699 pltndeu,
484 616 544 677 und
567 623 751 695 untersagen
793 613 902 675 beiden
925 612 1051 674 stacten
1074 615 1205 676 Berlin
1228 617 1302 678 und
1324 618 1420 679 Goln
1442 639 1499 680 vor
1520 620 1581 681 ihm

73 700 377 783 agebubrlichkeiten
418 700 513 761 wider
545 699 595 759 die
617 698 750 758 Meister.
793 704 882 756 unter
912 696 976 757 sich
1004 696 1175 778 getroli'ene
1196 700 1436 762 Uebereinlrunli
1461 703 1490 762 in
1521 704 1581 763 An·

100 782 240 845 a.a0.
264 782 315 863 Sp.
338 785 397 847 282
422 783 536 858 (Note,
564 781 668 843 latein.
691 778 752 839 und
796 778 891 839 sehun
936 779 1016 839 ihrer
1035 782 1585 861 gemeinschaftliehenltaths-

70 867 126 943 lt),
166 869 283 928 Fidicin
318 886 346 926 a.
379 888 408 926 a.
442 865 478 927 0.
511 866 562 926 Nr.
598 864 640 924 Vl
677 861 706 923 S.
735 867 753 926 7
796 860 857 922 und
887 798 1128 941 loherenwohl,
1162 864 1586 950 Btrsfgelder·i⁷ern’endung

70 955 102 1027 „J
152 948 224 1030 Vgl.
248 952 365 1010 moden
387 969 415 1010 a.
437 969 463 1010 a.
486 949 521 1009 0,
545 948 575 1009 8.
599 950 649 1012 98.
797 944 858 1004 und
881 944 1123 1026 Dienstleistung
1156 947 1202 1007 lttr
1229 947 1279 1009 die
1300 948 1489 1029 Herrschatt,
1523 971 1584 1012 von

70 1035 133 1108 ss,
156 1032 287 1096 Ocrea.
321 1032 422 1092 Rath
444 1031 515 1092 und
538 1027 755 1092 Gemeinde
798 1026 933 1088 welcher
951 1025 1306 1092 Gemeinsehsftliehkeit
1332 1032 1406 1093 aber
1432 1033 1482 1094 die
1500 1032 1584 1095 Beie-

70 1115 131 1175 udt
158 1115 263 1176 Berlin
296 1115 456 1176 schreiben
485 1115 544 1175 den
578 1111 752 1173 Wollen-
795 1110 933 1191 stigung,
963 1109 1012 1170 die
1035 1130 1089 1170 aus
1108 1111 1197 1191 Jeder
1218 1113 1306 1175 Btadt
1327 1117 1432 1196 signer
1451 1116 1584 1178 Zinsein·

70 1218 112 1259 ιιι
126 1197 303 1279 Satzungen
327 1198 403 1259 tiber
424 1195 651 1275 dieAustlbuug
672 1193 752 1254 ihres
794 1194 905 1252 nahme
924 1191 1014 1253 allein
1029 1192 1186 1254 bestritteu
1200 1198 1322 1259 werden
1334 1199 1403 1276 soll,
1426 1200 1493 1259 eine
1511 1200 1584 1259 Aus-

70 1280 142 1355 bes,
176 1280 239 1341 und
268 1280 318 1341 die
356 1282 512 1361 sonstigen
543 1277 753 1339 Verhbltuisse
795 1274 906 1336 nahme
929 1275 1047 1335 macht:

70 1384 181 1444 nnung
209 1381 275 1423 vor.
318 1366 429 1424 lr'r‘r‘rter
455 1385 483 1423 a.
506 1383 532 1422 a,
558 1361 594 1422 0.
616 1359 669 1439 sp.
692 1361 752 1422 279
875 1356 962 1433 „Nos
988 1356 1197 1435 Hermsnnus,
1224 1362 1280 1423 Dei
1307 1363 1405 1443 grstia
1431 1363 1585 1425 Branden·

70 1446 141 1521 [lat
178 1467 209 1505 ιι.
240 1445 404 1521 democh),
439 1449 556 1507 Fidicina
590 1463 617 1503 e.
652 1462 679 1501 a.
716 1439 752 1502 0.
795 1439 955 1520 burgensis
977 1448 1009 1501 et
1029 1441 1151 1502 Lusatie
1173 1445 1307 1506 marchio
1330 1456 1362 1507 et
1384 1445 1523 1507 dominus
1547 1446 1585 1508 de

78 1525 753 1609 s.7-9.vg1.1aoueaa.e0.s.98-10t
794 1521 1017 1604 Hennenberg,
1045 1528 1295 1606 recognoscimus
1317 1528 1407 1590 etad
1431 1530 1584 1592 universo·

70 1616 139 1688 Β,
181 1610 267 1691 Sept
288 1614 337 1676 28.
385 1611 543 1690 blarkgral
567 1608 658 1668 Otto
692 1625 753 1667 von
795 1625 861 1665 rum
883 1608 1069 1685 presentium
1090 1611 1251 1687 pervenire
1267 1613 1405 1692 cupimus
1417 1613 1585 1691 notionem,

72 1693 181 1773 nburg
217 1693 363 1773 bestetigt
389 1693 447 1754 den
476 1691 659 1755 Rethleuten
691 1688 754 1748 und
796 1685 879 1766 quod
913 1686 1034 1748 honesti
1067 1691 1121 1749 viri
1151 1696 1182 1750 st
1212 1694 1346 1772 providi,
1378 1694 1460 1754 cives
1488 1696 1585 1756 nostri

70 1797 88 1837 n
130 1796 170 1837 zu
205 1775 304 1836 Berlin
342 1776 392 1836 die
424 1796 484 1837 von
520 1775 578 1835 den
613 1771 753 1832 sruheren
795 1770 827 1829 in
839 1768 941 1829 Berlin
964 1777 995 1830 et
1016 1771 1046 1829 in
1060 1770 1200 1845 Colonia,
1223 1777 1318 1841 nostri
1341 1776 1444 1837 dilecti
1466 1784 1497 1837 et
1513 1777 1584 1839 fide-

70 1881 79 1920 r
109 1860 210 1919 ihneu
238 1859 448 1931 verliebenen,
473 1878 540 1919 zum
569 1855 675 1917 Theile
702 1855 753 1916 be
796 1852 856 1928 les,
889 1852 939 1912 bic
970 1871 1072 1913 eorem
1102 1854 1191 1916 nobis
1220 1867 1290 1919 sunt
1312 1860 1385 1920 uniti
1408 1868 1438 1919 et
1459 1879 1584 1923 coneor-

70 1964 82 2001 s
105 1941 251 2002 cambati
271 1941 451 2021 gemaelrten
465 1940 649 2016 l'reiheiten,
673 1936 753 1998 Gna-
795 1934 869 2012 deti,
891 1934 973 2014 quod
996 1956 1035 1996 ex
1057 1938 1178 1999 civitate
1201 1940 1300 2001 Berlin
1324 1942 1382 2003 due
1400 1952 1583 2023 partescon·

70 2025 96 2085 ul
120 2023 392 2098 Gewohuheiten,
421 2024 481 2087 und
509 2023 661 2084 uberlttsst
681 2019 752 2081 den·
795 2016 893 2076 sulum
919 2018 1045 2098 siugulis
1068 2021 1155 2081 annis
1177 2021 1337 2103 eligantur,
1359 2034 1390 2087 et
1408 2028 1583 2108 tercia-pars

91 2106 233 2168 keutliclr
266 2108 355 2167 einen
393 2108 487 2168 other
512 2103 751 2166 beschriebenen
795 2100 955 2175 consulum
985 2102 1014 2160 in
1045 2103 1168 2164 civitate.
1191 2105 1320 2167 Colonie
1342 2110 1433 2170 etiam
1457 2110 1583 2191 singulis

70 2190 105 2252 ›ll
136 2223 169 2233 -
202 2189 360 2266 „diseretis
400 2191 471 2250 viris
509 2186 684 2257 consulibus
721 2194 752 2246 et
794 2183 881 2242 annis
910 2181 1055 2263 eligatur,
1088 2194 1119 2246 et
1147 2187 1229 2247 cives
1265 2193 1361 2250 nostri
1392 2192 1429 2251 de
1461 2194 1583 2255 civitate

70 2293 170 2334 ‚orum
195 2273 381 2332 universitati
404 2271 750 2353 appropriavimuscon-
794 2262 924 2325 Colonie
950 2264 1018 2325 illas
1047 2264 1122 2328 dues
1153 2278 1256 2349 partes
1285 2274 1444 2334 consulum
1467 2274 1583 2356 eligant

70 2376 89 2431 r,
112 2365 148 2414 et
169 2354 603 2436 presentibuseppropriamuis
627 2360 658 2412 et
679 2370 750 2412 oon·
792 2347 823 2405 iu
846 2347 969 2408 civitate
992 2348 1108 2428 Berlin,
1139 2362 1170 2412 et
1191 2353 1273 2414 cives
1300 2358 1396 2417 nostri
1419 2358 1457 2417 de
1478 2357 1579 2419 Berlin

70 2458 112 2498 rus
137 2437 305 2513 libertates,
327 2440 440 2520 gratias
461 2446 493 2498 et
513 2433 750 2497 eonsuetudines
793 2430 918 2489 terciam
951 2437 1067 2509 partem
1097 2435 1255 2496 consulum
1285 2439 1411 2519 singulis
1440 2443 1527 2501 annis
1550 2443 1579 2501 in

73 2522 169 2599 siquis
193 2520 326 2580 biarchis
359 2520 544 2604 principibus
571 2517 696 2579 traditas
720 2523 751 2578 et
793 2510 924 2572 Colonia
952 2512 1065 2594 eligere
1095 2536 1155 2576 non
1185 2530 1334 2580 recusent.
1378 2522 1424 2583 De
1447 2523 1580 2584 scabinis

70 2624 142 2677 aas,
177 2622 217 2663 ac
245 2603 418 2682 specialiter
449 2604 553 2664 omnia
579 2609 610 2662 et
631 2600 751 2681 singula
791 2613 865 2655 vero
888 2595 932 2655 sie
953 2598 1054 2658 extitit
1074 2599 1256 2670 ordinatum,
1280 2603 1361 2682 qnod
1384 2605 1413 2663 in
1434 2605 1580 2666 ambabus

70 2685 156 2766 palia
172 2689 255 2765 jura,
276 2685 561 2766 queNedderlaghe
581 2685 750 2759 nominant,
792 2676 962 2738 civitatibus
985 2690 1101 2762 septem
1126 2683 1242 2744 scabini
1256 2687 1414 2767 eligentur,
1438 2687 1581 2750 videlicet

70 2768 113 2828 lin
149 2781 181 2831 et
212 2770 242 2826 in
266 2768 378 2846 Colne,
410 2770 449 2830 ab
478 2767 618 2829 omnibus
640 2772 671 2827 et
691 2768 750 2826 sin·
792 2769 922 2839 quatuor
949 2781 988 2820 ex
1017 2764 1139 2825 civitate
1161 2766 1262 2826 Berlin
1292 2779 1323 2829 et
1344 2777 1404 2830 tres
1428 2790 1465 2830 ex
1489 2769 1578 2832 Golo-

69 2850 155 2911 bona
192 2871 249 2910 sua
280 2851 504 2931 deponentibus
538 2849 752 2931 percipienda3
793 2843 859 2920 nia,
889 2849 920 2904 et
936 2863 995 2985 per
1016 2847 1097 2905 cives
1120 2847 1158 2909 de
1180 2847 1311 2911 Colonia
1332 2851 1375 2912 illi
1398 2862 1527 2931 quatuor
1548 2854 1577 2913 in

70 2952 131 3013 que
160 2953 351 3015 mansorum,
385 2954 524 2997 arearum
549 2953 587 2993 ao
612 2932 750 2995 locorum
793 2925 916 3020 clvlittie
963 2926 1037 2988 erlln
1061 2929 1226 3010 eligantur,
1255 2953 1310 3012 pel·
1337 2935 1419 2996 cives
1447 2955 1519 2997 vero
1548 2937 1577 2996 ln

72 3036 123 3076 um
143 3026 282 3097 tempore
296 3019 507 3093 nundinarum,
529 3016 653 3097 proprie
664 3015 752 3078 stede
793 3007 896 3069 Berlin
923 3008 967 3068 illi
994 3016 1055 3071 tres
1083 3013 1197 3073 scabini
1225 3015 1255 3074 in
1279 3015 1409 3078 Colonia
1430 3017 1580 3099 eligantur

71 3098 122 3173 lie,
142 3098 254 3159 ibidem
269 3102 396 3178 pacifice
405 3102 521 3180 absque
536 3099 751 3161 molestatione
793 3093 860 3151 vice
888 3110 985 3152 verse.
1027 3093 1233 3157 Prenomineti
1264 3116 1336 3159 vero
1359 3099 1473 3160 scabini
1498 3101 1578 3181 apud

70 3192 94 3241 rt
139 3184 272 3261 erpetuis
301 3184 487 3265 temporibus
510 3185 594 3262 justo
617 3183 751 3262 proprie·
793 3172 926 3233 officium
956 3176 1038 3234 etin
1061 3175 1162 3238 officio
1185 3199 1289 3239 eorum
1313 3181 1454 3259 ulterius,
1488 3202 1578 3263 quam

69 3201 147 3324 itulb
178 3264 391 3343 possidendos.
432 3266 560 3345 Insuper
586 3283 749 3346 recognos-
791 3275 847 3335 Per
877 3258 1013 3335 spacium
1043 3259 1130 3319 trium
1159 3280 1323 3342 annorum,
1351 3284 1413 3325 non
1436 3274 1580 3327 maneant

92 3346 196 3407 lucide
234 3357 440 3427 protestantes
473 3350 503 3407 in
539 3347 586 3407 his
620 3349 748 3428 seriptis,
791 3358 845 3434 seu
866 3339 1080 3418 perdurabunt.
1125 3343 1201 3404 Sunt
1221 3345 1312 3405 etiem
1336 3348 1514 3409 concordati
1535 3350 1578 3409 in-

70 3429 214 3509 predictis
243 3435 354 3494 nostris
383 3432 499 3493 dilectis
522 3430 696 3492 consulibus
718 3437 750 3492 et
791 3441 903 3495 Vlsseffls
926 3423 1009 3501 quod
1031 3425 1164 3505 quidque
1187 3428 1269 3488 cives
1291 3429 1330 3488 de
1354 3429 1453 3490 Berlin
1475 3432 1505 3491 iu
1528 3452 1579 3494 eo·

101 3515 315 3576 communitati
354 3517 382 3576 in
416 3514 517 3576 Berlin
558 3513 748 3575 vendidimus
790 3524 855 3564 rum
879 3506 1001 3567 civitate
1022 3505 1062 3568 de
1084 3509 1302 3588 excessibus³)
1328 3530 1433 3573 eorum
1456 3513 1580 3577 valeent

70 3594 160 3670 nium,
184 3595 266 3675 quod
288 3619 345 3659 nos
367 3607 398 3659 et
420 3597 630 3678 progenitores
652 3598 747 3658 nostri
789 3606 979 3730 procurare,
999 3598 1031 3650 ut
1057 3610 1124 3651 cum
1151 3591 1204 3653 illo
1227 3594 1381 3655 civitatem
1404 3595 1504 3656 Berlin
1527 3597 1576 3658 de-

70 3696 115 3739 m
154 3684 367 3742 consuevimus
400 3681 555 3741 annuatim
587 3677 625 3738 do
658 3679 677 3738 li
701 3680 747 3740 nis
810 3678 882 3730 eant
908 3673 1085 3753 melrorsrc,
1113 3680 1145 3735 et
1171 3675 1209 3736 ad
1236 3676 1297 3737 hoc
1319 3679 1401 3738 cives
1423 3678 1461 3739 de
1485 3677 1576 3741 0010-

70 3760 147 3820 ·ndis
171 3782 227 3841 per
248 3764 372 3844 opidum
395 3763 550 3843 Coponiis,
584 3781 642 3842 que
663 3700 748 3823 vlote
790 3753 840 3813 uia
862 3752 944 3849 bono
967 3755 1034 3816 zelo
1052 3760 1162 3836 J'uvare
1184 3777 1246 3818 nou
1270 3759 1441 3822 obmittant.
1484 3761 1575 3837 Quid-

70 3845 221 3904 ἰῃοωῑῃρ
243 3855 464 3927 nuncupantur,
486 3853 517 3906 er
534 3843 662 3906 navibus
685 3847 747 3925 qui.
790 3841 966 3930 queetrem
996 3839 1116 3918 probati
1143 3842 1225 3902 cives
1251 3841 1290 3903 de
1312 3841 1443 3904 Colonia
1464 3844 1503 3905 de
1525 3866 1575 3906 ex·

70 3936 105 4002 a,
143 3947 203 4006 que
236 3929 382 3991 haetenus
410 3928 598 3989 theotonium
627 3927 748 3989 solvere
790 3918 925 3979 cessrbus
947 3921 977 3979 in
1000 3922 1121 3983 civitate
1143 3943 1247 3985 eorum
1263 3924 1484 4005 placitaverunt,
1506 3947 1573 3988 cum

71 4019 193 4079 verum,
214 4029 272 4089 que
294 4014 373 4073 inter
393 4031 536 4092 aggerem
560 4009 747 4072 molendino.
788 4000 842 4061 illo
870 4002 976 4062 civitas
1006 4023 1110 4065 eornm
1138 4005 1230 4068 debet
1258 4009 1426 4087 meliorari,
1454 4009 1576 4072 adhoc

70 4092 153 4152 berlin
185 4094 252 4176 (et)
283 4093 499 4156 vorgoenwold
538 4093 662 4173 opidum
693 4113 748 4174 per
789 4083 871 4143 cives
893 4086 990 4145 nostri
1012 4085 1050 4147 de
1071 4088 1171 4149 Berlin
1189 4090 1355 4169 juvabunt,
1377 4092 1407 4151 in
1429 4101 1573 4172 quantum

70 4175 96 4233 'ik
119 4175 311 4238 devehuntur
320 4223 329 4254 ,
352 4198 406 4257 pro
429 4177 567 4237 ducentis
589 4183 620 4237 et
640 4177 746 4257 viginti
788 4174 933 4246 poterunt
962 4175 993 4227 et
1020 4169 1174 4232 valebunt.
1217 4172 1248 4233 Bi
1275 4193 1349 4234 vero
1372 4174 1487 4235 civibus
1509 4195 1574 4256 pre-

70 4279 77 4316 ι
118 4259 421 4340 &oudenburgensis
464 4267 588 4320 monere
631 4259 746 4320 usualis
788 4249 875 4310 dietis
903 4252 1063 4313 servicium
1090 4253 1212 4334 aliquod
1234 4257 1483 4337 imposuerimus,
1509 4278 1573 4338 pre·

70 4343 195 4413 imanis,
227 4345 265 4404 de
294 4363 356 4422 qua
387 4344 514 4422 pecunie
543 4361 661 4402 summa
689 4361 746 4403 nos
788 4334 976 4394 n01nl118ltlm
1009 4338 1168 4397 servicium
1204 4336 1244 4398 (le
1273 4339 1383 4399 tributo
1420 4341 1572 4401 communi

70 4432 120 4485 ro„
142 4435 334 4504 reputamus,
355 4434 461 4505 utpote
484 4424 571 4485 „obis
593 4426 623 4485 jn
643 4444 745 4484 nume.
787 4415 943 4476 ambarum
965 4418 1135 4498 civitatum,
1163 4421 1244 4500 quod
1266 4421 1401 4483 Menheit
1420 4442 1572 4503 nuncupa·

70 4508 176 4567 nonni„
196 4528 215 4569 g
236 4509 324 4570 (fieris
339 4507 665 4588 nostrigssurgensibug
679 4527 746 4588 per.
787 4505 848 4576 tur,
878 4498 966 4559 nobis
993 4507 1024 4561 et
1051 4504 1162 4563 nostris
1190 4503 1290 4565 secere
1317 4523 1379 4565 non
1401 4505 1572 4568 obmittant.

70 4636 72 4659 ,
104 4590 187 4668 quod
217 4592 407 4653 theotonium
430 4610 504 4670 sepo
525 4590 613 4650 dictis
634 4591 746 4651 nostris
787 4580 827 4640 Bt
846 4581 954 4661 prefati
977 4583 1059 4643 cives
1081 4603 1148 4645 cum
1177 4604 1270 4646 censu
1292 4587 1422 4647 civitatis
1444 4587 1572 4649 Colonie

70 4673 163 4734 eibos
198 4675 383 4735 oonrfflimus
418 4682 450 4732 et
480 4673 649 4753 perpetuali
676 4676 746 4753 jure
788 4662 955 4744 predictum
976 4666 1129 4727 civitatem
1142 4666 1302 4728 Coloniam
1324 4670 1460 4729 muniant
1481 4679 1572 4750 atque

70 4773 80 4814 r
108 4757 358 4835 possidendum&
403 4759 487 4834 Myris
514 4756 604 4836 corp.
628 4755 745 4816 conati.
788 4746 923 4825 firment,
951 4748 1033 4809 cives'
1061 4750 1190 4810 civitatis
1219 4750 1320 4811 Berlin
1350 4749 1478 4812 eandem
1501 4755 1571 4814 eivi-

70 4838 213 4899 rrohiom,
235 4840 301 4901 Thl,
314 4840 379 4899 vlo
401 4838 431 4898 S.
448 4843 481 4916 13
505 4841 646 4899 obsecra,
662 4857 690 4898 a,
708 4836 744 4899 0,
787 4836 880 4890 tatem
891 4829 993 4889 Berlin
1016 4831 1105 4891 simili
1128 4833 1220 4894 modo
1244 4852 1311 4894 cum
1335 4852 1427 4894 censu
1441 4835 1572 4897 civitatis

70 4923 107 4999 l,
131 4923 187 4997 453
216 4925 362 5000 Gerclren,
390 4922 573 5002 Fragmenta
592 4921 745 4982 Marohioo
787 4911 888 4972 Berlin
915 4913 1050 4992 predicte
1078 4914 1214 4976 muniant
1248 4923 1279 4976 et
1307 4915 1510 4978 meliorabunt
1527 4917 1571 4994 ⁴).

70 5004 162 5066 ln'r.
183 5005 230 5067 IX
251 5006 281 5068 S.
303 5007 441 5084 20-223
464 5007 644 5081 Bncbboltz,
671 5005 744 5066 Ver·
788 5023 799 5026 ’·
939 5024 1086 5029 “··“’·····-·
1110 5024 1126 5029 ’·
1372 5062 1378 5075 ,

70 5089 153 5150 einer
172 5088 358 5151 Goeehiehte
386 5088 440 5148 der
462 5088 630 5149 Charmark
651 5088 743 5149 Bm·
784 5133 804 5184 ι
841 5060 887 5160 ιι3)
908 5060 1061 5114 Deutscher
1078 5060 1159 5113 Text:
1185 5078 1257 5130 „von
1283 5059 1489 5130 gededrngeden
1511 5065 1571 5117 bro.

70 5192 95 5252 Β
120 5171 188 5234 m
216 5171 257 5233 [V
280 5172 413 5253 ΑΜΒΚ
442 5171 472 5232 Β·
498 5175 556 5236 139
579 5168 744 5270 flss·3‚b‚l‘{⁸
806 5148 839 5184 en
856 5169 888 5266 l)
908 5202 1054 5257 DieStelle
1072 5201 1195 5268 „sivero
1218 5204 1321 5256 civibus
1340 5202 1469 5272 predicds
1488 5208 1571 5258 serri-

70 5275 179 5338 sserem
217 5254 383 5317 deutschen
422 5254 520 5316 Texie
560 5254 589 5316 b·
627 5255 744 5316 Fidian
787 5277 859 5328 dum
994 5272 1195 5327 meliorabunt“
1223 5274 1290 5328 fehlt
1320 5277 1350 5328 in
1376 5273 1490 5329 lldschr.
1521 5277 1570 5333 das

70 5339 91 5402 l.
111 5339 180 5404 ΤΜ
199 5340 214 5403 l
236 5339 267 5405 8.
289 5339 420 5405 52-54.
786 5347 996 5401 Rechtsbrtatas.

1357 5438 1368 5471 Ι
